3496 5308
123 490 271 554 iunorem
300 493 461 554 comatum
487 489 631 554 alterum.
678 493 850 573 utrumque
874 489 1023 573 discipuli
1048 486 1339 575 sequebantur11³)3
1371 485 1434 552 diei

123 589 299 652 maximam
327 596 452 671 partem
480 589 514 650 in
541 586 611 651 foro
641 587 863 674 morabantur,
892 587 950 651 ubi
974 587 1118 652 consiliis
1141 586 1238 671 datis,
1266 586 1335 650 oleo
1359 608 1435 650 sane

124 685 285 752 sesamino
309 685 361 749 vel
385 707 481 768 super
504 684 614 749 oculos
636 689 787 749 manante
810 684 932 769 perfusi
956 685 1071 764 abeis,
1095 707 1176 768 quos
1197 683 1342 770 aggressi
1360 683 1434 765 sint,

126 805 343 868 quascumque
373 782 526 847 volebant
557 805 664 847 rerum
692 783 853 848 venalium
881 783 983 869 gratis
1011 781 1255 870 auferentem)
1305 781 1352 845 ita
1378 803 1435 844 nu-

48 925 51 930 *
125 881 308 946 triebantur
331 903 370 945 ex
394 880 489 944 melle
513 884 545 944 et
569 903 691 946 sesamo
715 904 814 966 panes
838 880 1036 946 condientes:
1061 880 1101 944 ad
1119 879 1335 944 Alexandrum
1362 901 1435 942 curn

124 979 271 1043 venirent
295 979 460 1043 adstantes
484 1001 643 1042 conavere.
690 978 849 1043 inlocum
868 1001 969 1063 prope
987 979 1101 1042 urbem
1121 976 1276 1060 situm115)
1298 977 1435 1064 digressi

125 1076 315 1160 patientiam
348 1077 514 1141 docebam.
560 1077 618 1140 ubi
647 1077 682 1140 in
709 1081 828 1141 terram
858 1077 964 1141 senior
986 1077 1175 1141 recumbens
1200 1075 1333 1160 supinus
1357 1076 1434 1140 solis

126 1179 250 1240 aestum
283 1174 482 1259 imbresque,
514 1173 621 1239 iunior
653 1179 741 1239 stans
774 1177 808 1238 in
841 1175 941 1239 altero
974 1175 1054 1258 pede
1086 1175 1212 1260 lignum
1242 1174 1308 1237 fere
1336 1173 1435 1238 trium

126 1274 310 1338 cubitorum
340 1272 489 1336 manibus
518 1272 675 1337 ambabus
703 1272 857 1337 sustinuit
885 1277 918 1337 et
944 1273 1025 1357 pede
1053 1272 1231 1358 defatigato
1259 1272 1361 1337 altero
1389 1271 1434 1334 in-

125 1371 222 1436 nixus
250 1371 296 1435 ita
325 1374 431 1435 totum
459 1370 549 1456 degit
576 1371 668 1435 diem.
724 1370 831 1435 senior
859 1370 1072 1457 quadraginta
1098 1370 1163 1434 iam
1191 1393 1291 1436 annos
1319 1392 1434 1454 corpus

125 1471 187 1534 hoc
210 1469 306 1534 modo
330 1491 480 1533 exercens
504 1468 712 1552 cruciansque
735 1468 867 1534 vixerat.
914 1491 1051 1553 quorum
1073 1491 1136 1552 quo
1155 1468 1260 1555 magis
1279 1472 1312 1533 et
1331 1489 1435 1532 mores

126 1572 159 1632 ct
191 1566 430 1651 philosophiam
463 1571 671 1652 cognosceret
702 1586 759 1632 rex
792 1566 929 1633 alterurn
960 1590 994 1632 se
1026 1566 1172 1632 comitari
1206 1565 1319 1632 voluit.
1379 1565 1435 1630 sed

127 1667 246 1744 senior,
275 1655 450 1728 Dandamis
478 1668 622 1749 nocetne,
650 1687 683 1729 se
711 1687 816 1749 neque
843 1665 952 1750 ipsum
974 1670 1145 1730 venturum
1169 1687 1237 1729 esse
1261 1663 1436 1748 contendit,

125 1784 230 1846 neque
254 1761 309 1826 alii
333 1783 558 1827 concessurum
581 1766 619 1826 ut
637 1761 859 1828 Alexandrum
882 1767 1077 1848 sequeretur.
1124 1785 1219 1847 quein
1243 1784 1316 1826 cunr
1334 1762 1436 1826 nollet

128 1859 309 1924 Alexander
340 1860 372 1924 vi
406 1860 560 1924 adducere
592 1865 630 1924 ut
662 1883 769 1924 secum
801 1861 876 1945 iret,
908 1861 1001 1926 alteri
1033 1861 1151 1925 iuniori
1182 1859 1300 1924 Oalano
1329 1861 1436 1942 coepit

128 1957 318 2042 persuadere
349 1961 386 2022 ut
410 1957 618 2022 comitaretur
641 1961 674 2021 et
696 1957 749 2022 hic
772 1959 864 2022 valde
888 1959 929 2023 ob
954 1959 987 2022 id
1010 1959 1102 2042 quasi
1126 1957 1329 2022 incontinens
1352 1961 1436 2021 esset

126 2058 327 2140 vituperatus
352 2056 392 2120 ab
417 2055 490 2122 aliis
514 2053 727 2150 sophistis¹1⁶)
751 2055 970 2121 Alexandrum
994 2057 1057 2121 iam
1082 2061 1212 2121 secutus
1235 2061 1292 2122 est.

126 2249 217 2304 verbis
241 2266 374 2319 expressa
398 2248 571 2303 Onesicritus
594 2249 705 2304 rettulit
727 2250 804 2318 apud
828 2250 918 2304 Strab.
943 2249 994 2303 XV
1012 2269 1039 2320 p.
1056 2257 1115 2304 715.
1159 2250 1237 2304 cuius
1260 2249 1347 2303 iidem
1371 2252 1437 2303 sunt

126 2321 246 2376 Oulanus
270 2323 300 2374 et
316 2319 472 2374 Dandamis
496 2321 587 2390 (codd.
607 2321 769 2390 Mandanis,
793 2322 869 2390 quod
892 2324 971 2375 vetus
992 2321 1173 2376 librariorum
1191 2322 1324 2375 mendum
1342 2323 1437 2391 potest

125 2409 196 2447 esse:
220 2410 288 2446 nam
309 2393 382 2446 Plut.
402 2410 425 2445 v.
446 2391 489 2446 Al.
511 2409 533 2445 c.
554 2397 587 2445 65
611 2395 640 2446 et
658 2391 767 2446 Arrian.
787 2393 852 2460 VII,
872 2399 901 2460 2,
916 2399 933 2445 4
951 2392 1112 2448 Dandamin
1135 2409 1199 2446 eum
1222 2394 1336 2460 vocant3
1359 2391 1436 2461 prior

125 2466 219 2518 autem
243 2481 277 2517 ex
300 2466 414 2518 auctore
438 2465 514 2517 certe
533 2462 720 2517 Onesicritum
743 2465 797 2518 hoc
820 2463 882 2517 loco
905 2463 999 2533 ipsum
1022 2467 1188 2534 excerpente
1206 2464 1325 2534 hausit),
1350 2466 1435 2532 atque

124 2535 281 2589 Aristobuli
305 2535 398 2588 iunior
421 2534 568 2602 seniorque
593 2534 787 2601 Brachmanis;
813 2536 888 2603 quod
910 2535 1082 2590 Onesicritus
1106 2537 1143 2590 ad
1165 2535 1242 2606 ipsos
1266 2551 1295 2589 se
1318 2535 1435 2589 missum

125 2623 186 2661 esse
214 2607 250 2659 ab
274 2605 433 2660 Alexandro
461 2605 534 2659 dixit
562 2609 636 2660 certe
663 2609 707 2676 (ut
734 2606 801 2674 alia)
829 2605 910 2660 finxit
937 2607 979 2660 vir
1001 2607 1131 2677 optimus.
1174 2608 1227 2662 hoc
1251 2607 1435 2661 concedemus

125 2678 243 2732 missum
262 2695 326 2731 eum
344 2677 464 2731 fortasse
483 2677 520 2730 ad
538 2677 603 2731 illos
622 2677 671 2747 qui
689 2681 802 2747 rogaret
819 2681 852 2730 ut
870 2679 907 2732 ad
925 2677 1116 2734 Alexandrum
1134 2678 1267 2732 venirent.

216 2752 278 2819 113)
297 2749 459 2816 quindecim
482 2765 578 2802 omnes
601 2751 759 2803 numeravit
782 2749 961 2804 Onesicritus.
1001 2753 1124 2804 ceterum
1146 2751 1280 2804 Arrianus
1294 2749 1355 2816 Vll,
1370 2756 1394 2818 2,
1410 2757 1435 2816 2,

125 2820 339 2890 Megasthenem
357 2821 390 2872 ut
407 2820 518 2873 videtur
536 2823 648 2874 secutus
667 2821 712 2890 (cf.
729 2827 753 2888 2,
768 2824 795 2892 4)
814 2821 897 2874 unius
911 2823 1022 2876 tantum
1036 2823 1218 2876 Brachmanis
1237 2824 1436 2876 commemorat

125 2891 293 2960 discipulos:
312 2890 474 2945 Dandamis.
502 2891 615 2946 videtur
627 2892 825 2962 Megasthenes
841 2891 976 2946 Calenum
993 2893 1146 2948 Dandamis
1162 2893 1332 2962 discipulum
1345 2893 1435 2947 habu-

125 2963 192 3016 isse:
218 2962 294 3030 quod
312 2977 342 3016 re
361 2979 426 3016 vera
444 2963 485 3016 ita
503 2962 590 3016 fuisse
611 2963 745 3017 credibile
763 2983 820 3018 non
839 2967 894 3032 est,
912 2981 978 3018 nam
998 2982 1062 3018 curn
1080 2965 1234 3018 Dandamis
1254 2964 1303 3018 alii
1322 2980 1351 3018 se
1371 2981 1435 3019 con-

126 3050 269 3088 cessurum
300 3049 360 3086 esse
387 3036 519 3103 negasset
546 3036 579 3087 ut
606 3035 797 3088 Alexandrum
825 3036 1006 3090 comitaretur
1034 3035 1138 3090 Caleno
1166 3035 1248 3090 alteri
1276 3036 1436 3089 Alexander

125 3105 220 3174 coepit
237 3105 405 3174 persuadere
423 3107 456 3158 ut
474 3122 503 3159 se
523 3108 696 3173 sequeretur:
717 3107 793 3174 qnod
811 3107 835 3159 si
849 3106 970 3161 Oalanus
984 3108 1138 3162 Dandamis
1157 3107 1257 3161 fuisset
1271 3107 1434 3176 discipulus,

123 3193 216 3246 neque
234 3176 425 3231 Alexandrum
449 3179 560 3230 secutus
584 3180 670 3244 esset,
697 3193 788 3246 neque
807 3177 967 3233 Alexander
990 3195 1054 3232 eum
1072 3179 1126 3232 sibi
1145 3179 1299 3248 adiungere
1318 3180 1435 3233 conatus

125 3250 205 3303 esset.

216 3321 277 3390 114)
297 3319 469 3374 Onesicritus
493 3320 621 3375 nominat
639 3320 708 3374 ficus
727 3323 756 3374 et
774 3338 855 3391 uvas,
882 3322 962 3376 addit
981 3322 1068 3376 etiam
1087 3322 1205 3375 divitum
1224 3321 1320 3376 domos
1340 3336 1435 3375 omnes

127 3391 252 3513 patuisse
271 3390 329 3444 illis
347 3392 378 3445 in
396 3391 546 3446 mulierum
564 3409 653 3460 usque
672 3391 824 3448 conclavia.
862 3393 1002 3464 ingressos
1021 3396 1116 3448 autem
1135 3410 1220 3448 cenae
1235 3395 1264 3446 et
1277 3409 1435 3446 sermonum

146 3462 187 3515 cri
205 3463 366 3532 participes.
502 3517 503 3520 ,
1051 3511 1053 3516 ,

216 3537 276 3602 116)
295 3534 389 3588 locum
416 3535 497 3588 illum
525 3535 625 3604 viginti
650 3535 749 3590 stadiis
773 3535 809 3590 ab
832 3535 902 3589 urbe
924 3539 1062 3591 remotum
1085 3536 1172 3589 inisse
1196 3534 1316 3589 tradidit
1338 3534 1435 3588 Onesi·

129 3604 214 3656 oritus
234 3605 268 3660 cf.
285 3605 376 3660 Strab.
386 3606 446 3674 XV,
458 3611 517 3660 715.
551 3609 675 3660 ceterum
690 3607 836 3662 Strabonis
855 3623 889 3661 ex
903 3607 1065 3662 Aristobulo
1085 3608 1210 3662 adscitus
1224 3607 1302 3660 locus
1312 3606 1364 3660 XV
1383 3611 1434 3659 714

128 3675 176 3763 ica,
187 3677 376 3731 restituendus
396 3680 450 3732 est:
470 3678 519 3732 τδν
536 3677 587 3748 μὲν
601 3676 652 3732 οὖν
667 3677 751 3734 ἄλλον
765 3676 868 3748 χρόνον
882 3677 946 3733 κατ’
962 3679 1067 3750 ἀγορὰς
1081 3681 1245 3750 διατρίβειν,
1264 3650 1435 3748 τιμωμὲνονς

128 3766 182 3801 aas.
199 3789 204 3800 .
221 3790 227 3802 .
247 3751 387 3804 δειπνεῖν·
411 3751 564 3816 καρτερίαν
587 3749 618 3804 δὲ
642 3749 789 3804 διδάσκειν
807 3759 1045 3820 παραχωροῦντας
1064 3753 1103 3814 εἴς
1121 3771 1184 3806 τινα
1203 3747 1290 3804 τόπον
1308 3746 1433 3819 πλησίον.

217 3823 278 3890 116)
297 3821 373 3888 quod
391 3821 588 3892 Megasthenes
607 3821 727 3890 scripsit,
747 3821 781 3874 cf.
797 3822 857 3875 Arr.
872 3821 932 3890 VH,
947 3828 998 3889 a‚4.

446 4001 512 4066 Res
535 4001 682 4085 proximo
707 4025 790 4067 anno
814 4002 1065 4067 continuabitur.

448 4098 567 4164 Charta
585 4099 679 4184 ‘operi
702 4101 844 4185 perfecto
868 4099 1010 4164 addetur.
