3496 5308
857 322 1080 386 ..64-

315 503 514 568 schranwala
535 503 648 567 urbem
672 503 753 567 sitae
775 524 831 566 rex
855 502 981 588 legatos
1004 501 1102 584 misit,
1125 501 1181 585 qui
1199 499 1384 568 Alexandro
1408 504 1512 568 denuo
1535 525 1569 568 se
1592 507 1624 568 ct

314 623 450 686 regnum
480 603 531 665 cui
559 601 740 685 imperabat
763 600 1032 666 commendarent.
1078 601 1204 664 tristius
1228 605 1349 685 tamen,
1373 624 1469 686 quam
1492 601 1624 667 advene-

317 703 404 782 rant,
440 699 475 764 hi
507 703 721 782 reverterunt,
757 720 830 763 cum
863 698 983 764 Porum
1016 702 1156 763 veterem
1187 720 1254 763 non
1287 700 1408 764 catenis
1444 700 1624 785 praeditum

314 801 493 881 cernerent,
526 798 582 863 sed
613 797 715 881 ipsius
743 795 919 862 Alexandri
951 796 1036 882 regis
1064 796 1204 860 amicum
1232 818 1300 862 esse
1331 796 1624 885 cognoscerent.1⁹⁸)

314 917 378 979 qno
411 895 523 961 audito
555 897 620 960 iam
648 894 751 960 Porus
779 895 849 978 ille,
877 895 933 979 qui
960 898 1035 959 ante
1062 916 1206 981 pugnam
1235 896 1276 960 ad
1298 894 1485 980 Hydaspem
1507 897 1625 962 factam

312 1018 379 1060 non
410 1000 477 1061 tam
510 994 654 1059 amicitia
686 998 866 1059 commotus
895 1015 971 1079 erga
994 991 1228 1077 Alexandrum,
1256 1015 1353 1077 quam
1381 995 1549 1060 inimicitia
1573 995 1626 1059 ad-

313 1115 425 1158 versus
448 1096 589 1158 veterem
612 1092 733 1158 Porum
755 1093 881 1178 legatos
908 1091 949 1156 ad
971 1089 1191 1156 Alexandrum
1215 1091 1347 1157 miserat
1371 1115 1404 1158 se
1427 1115 1626 1179 regnumque

313 1214 407 1256 suum
435 1189 574 1274 tradens,
597 1211 683 1255 nunc
710 1190 814 1276 magis
837 1190 966 1273 Porum,
990 1210 1087 1272 quam
1111 1189 1332 1254 Alexandrum
1355 1194 1514 1276 metuens,
1536 1214 1555 1256 e
1578 1215 1626 1256 re

313 1288 409 1375 gione
437 1311 495 1353 sua
523 1289 562 1353 ad
586 1285 842 1376 Gandaridaslffl)
870 1288 998 1373 aufugit
1025 1288 1158 1354 comites
1187 1308 1296 1353 secum
1324 1288 1484 1354 abducens
1508 1290 1626 1374 quibus

312 1519 445 1586 poterant
466 1517 527 1572 iure
550 1518 664 1588 quidem
692 1519 729 1572 ad
752 1535 852 1583 unum,
875 1519 909 1571 ut
926 1517 957 1571 id
976 1517 1082 1583 dicam,
1106 1518 1249 1571 auctorem
1267 1519 1389 1572 veterem
1408 1518 1505 1572 referri
1525 1520 1627 1574 ambae

311 1588 408 1658 regiae
430 1589 529 1644 domus
548 1590 739 1644 Pauravarum
758 1621 792 1630 -
810 1605 877 1644 nam
895 1589 1023 1644 Paurava
1045 1588 1090 1642 vel
1108 1588 1184 1642 Puru
1209 1605 1311 1643 nomen
1331 1589 1459 1644 Indicum
1483 1593 1527 1644 est
1550 1592 1627 1660 quod

312 1659 412 1714 Graeci
434 1665 537 1730 Πῶρον
559 1662 757 1728 reddiderunt,
785 1661 835 1716 sed
864 1663 939 1715 certe
963 1659 1077 1729 cognati
1102 1677 1158 1713 non
1182 1663 1262 1714 erant
1288 1660 1381 1730 reguli
1404 1661 1448 1715 illi
1471 1662 1626 1716 Alexandri

312 1734 406 1786 aetate
423 1735 582 1802 regnantes.
621 1733 748 1787 eiusdem
765 1732 865 1802 populi
883 1734 982 1802 gentes
1002 1733 1072 1786 duas
1091 1731 1179 1785 fuisse
1194 1733 1223 1785 et
1237 1732 1311 1786 cives
1326 1731 1390 1786 Pori
1405 1733 1502 1803 magni
1517 1736 1547 1788 et
1561 1734 1626 1788 Pori

312 1803 428 1857 alterius
448 1805 535 1860 stiam
554 1821 588 1858 ex
606 1805 767 1858 nominibus
785 1803 899 1857 urbium
914 1803 1044 1858 concludi
1058 1805 1161 1873 potest,
1176 1819 1249 1871 quae
1263 1803 1345 1857 nobis
1359 1803 1389 1856 in
1405 1806 1525 1874 unoque
1539 1823 1626 1876 regno

311 1877 473 1941 occurrunt3
491 1876 569 1930 velut
582 1876 707 1946 Ialalpur
726 1879 755 1929 et
774 1877 814 1929 cis
828 1875 992 1945 Hydaspem
1007 1874 1113 1944 (paullo
1127 1874 1202 1928 infra
1215 1874 1355 1944 Darapur)
1375 1877 1404 1929 et
1422 1875 1462 1929 cis
1476 1877 1627 1931 Acesinem

312 1949 341 2000 et
363 1947 439 2001 ultra
462 1949 547 2001 extat.
585 1965 649 2001 cum
672 1949 785 2002 nomine
806 1947 966 2001 Gudschrat
988 1946 1066 2000 urbis
1089 1962 1210 2015 magnae
1229 1947 1305 2000 intra
1323 1947 1488 2016 Hydaspem
1507 1951 1537 2002 et
1556 1949 1627 2002 Aoe-

312 2017 402 2072 sinem
425 2018 551 2073 conferas
576 2018 815 2073 Gudschranwala
842 2019 917 2072 inter
939 2019 1088 2072 Acesinem
1117 2019 1146 2071 et
1168 2016 1326 2086 Hyarotim.
1365 2035 1451 2087 quare
1475 2019 1550 2074 circa
1576 2019 1627 2073 illa

311 2089 418 2158 oppida
440 2091 587 2160 utriusque
606 2091 671 2145 Pori
693 2107 782 2162 regna
805 2089 860 2144 sita
883 2090 971 2144 fuisse
994 2091 1076 2158 puto:
1105 2091 1135 2143 et
1157 2089 1197 2143 cis
1221 2091 1250 2142 et
1272 2091 1350 2143 trans
1374 2089 1538 2159 Hydaspem
1561 2091 1627 2145 Pori

311 2161 420 2230 magni,
444 2161 563 2216 fortasse
586 2162 654 2216 inde
677 2162 802 2216 aMiani
827 2162 863 2215 ad
883 2161 1043 2215 Gudsohrat
1064 2177 1167 2229 usque,
1191 2161 1307 2215 alterius
1330 2162 1405 2215 inter
1423 2162 1573 2217 Acesinem
1599 2166 1628 2218 et

310 2232 461 2302 Hyarotim
480 2233 555 2288 circa
574 2233 820 2288 Gudschranwala.

402 2307 463 2375 198)
484 2304 517 2359 cf.
533 2305 687 2372 Arrian.V‚
703 2311 776 2374 21,3;
805 2305 931 2372 Droysen
949 2303 974 2357 Π
993 2323 1020 2373 p.
1038 2309 1096 2358 146.

403 2389 454 2438 199
485 2385 787 2453 cf.Diod.XVH,91,1.
821 2385 851 2438 in
870 2383 1013 2438 nonnullis
1028 2383 1172 2438 codicibus
1187 2385 1321 2454 leguntur
1335 2383 1525 2454 Gangaridae,
1540 2388 1627 2456 atque

310 2457 416 2510 Lassen
482 2475 509 2526 p.
527 2463 577 2512 163
598 2458 694 2512 adua
718 2456 866 2582 (probante
885 2456 1084 2524 Droysenioll
1107 2473 1134 2524 p.
1150 2461 1202 2510 148
1222 2457 1286 2510 adn.
1303 2458 1329 2526 1)
1352 2457 1406 2510 hoc
1430 2473 1543 2512 servans
1562 2475 1625 2527 pro-

311 2527 436 2581 babilius
465 2528 638 2583 existimavit
665 2529 702 2583 ad
751 2528 904 2598 angaridas
931 2530 1009 2581 trans
1034 2526 1161 2597 Gangem
1188 2527 1304 2582 fluvium
1331 2527 1494 2582 habitantes
1517 2528 1549 2581 fu
1573 2529 1626 2583 ‘sse

311 2599 414 2653 Porum
433 2599 561 2654 alterum.
600 2601 650 2654 sed
668 2601 790 2671 primum
808 2600 855 2653 vix
875 2599 1011 2654 credibile
1025 2602 1068 2653 est
1082 2600 1203 2652 eundem
1216 2598 1384 2669 populuma
1401 2599 1524 2654 Diodoro
1566 2600 1625 2666 VII,

312 2676 371 2738 91,1
388 2670 565 2741 Gangaridas
584 2688 645 2726 esse
664 2675 802 2738 vocatum,
822 2689 892 2742 quos
906 2673 1006 2740 postea
1021 2670 1197 2724 Gandaridas
1213 2670 1342 2741 appellat
1355 2670 1439 2739 XVH,
1454 2676 1513 2739 933
1533 2689 1625 2740 porro.

311 2741 422 2796 variant
444 2743 550 2813 ubique
574 2744 685 2799 codices
710 2744 785 2798 inter
805 2740 987 2812 Γαρὸοιρίδοις
1009 2745 1039 2796 et
1058 2743 1250 2810 Γαδαρικους,
1273 2745 1306 2796 ut
1330 2745 1380 2796 aut
1402 2742 1508 2812 ubique
1531 2743 1626 2813 legere

312 2814 476 2868 deberemus
505 2813 681 2885 Gangaridas
710 2817 760 2869 aut
787 2815 892 2884 ubique
918 2813 1103 2868 Gandaridas.
1146 2813 1204 2867 iam
1230 2814 1289 2868 veri
1318 2813 1456 2869 dissimile
1481 2817 1524 2868 est
1547 2818 1625 2869 trans

312 2884 438 2954 Gangem
463 2888 525 2940 turn
547 2886 654 2957 fugisse
672 2888 783 2942 Porum.
822 2887 871 2941 sed
890 2903 1013 2955 quonam
1032 2903 1061 2940 se
1080 2885 1181 2940 vertit?
1217 2885 1389 2940 habitabant
1407 2885 1533 2940 Gandari
1552 2886 1626 2942 inter

314 2956 446 3010 Suastum
466 2960 494 3011 et
512 2958 614 3012 Indum
632 2959 739 3027 fluvios,
757 2975 849 3028 neque
867 2961 964 3012 tamen
982 2957 1050 3011 illuc
1070 2973 1134 3010 eum
1153 2957 1274 3011 evasisse
1295 2957 1501 3012 arbitrabimur.
1536 2957 1625 3013 altera

311 3030 356 3082 est
379 3027 555 3096 Gandaritis,
584 3030 663 3084 cuius
691 3030 814 3100 regionis
837 3030 940 3084 Porum
967 3028 1042 3082 hunc
1070 3028 1190 3082 alterum
1217 3029 1311 3098 ipsum
1338 3028 1495 3099 principem
1522 3032 1626 3084 vocant

311 3099 415 3153 Lassen
433 3100 459 3154 Π
477 3119 503 3170 p.
521 3107 571 3155 163
591 3101 717 3171 Droysen
735 3102 761 3155 11
779 3121 806 3172 p.
824 3108 874 3156 146
898 3100 1044 3154 Strabonis
1063 3116 1149 3168 prave
1168 3100 1227 3154 nixi
1251 3099 1351 3155 nuntio
1369 3100 1421 3154 XV
1439 3119 1466 3170 p.
1482 3105 1548 3154 699:
1575 3122 1624 3155 aa·

312 3174 390 3225 λοῦσι
415 3169 446 3225 δὲ
466 3171 633 3241 Γανδαρίᾶα
656 3174 708 3243 τὴν
731 3173 786 3228 ὑπὸ
810 3173 916 3243 τούτῳ
940 3172 1042 3242 χώραν.
1081 3171 1131 3225 sed
1154 3172 1178 3226 si
1202 3174 1333 3226 accurate
1357 3171 1503 3226 Strabonis
1531 3171 1625 3226 locum

311 3241 446 3312 inspicias
465 3245 551 3314 atque
570 3262 633 3298 cum
647 3245 746 3298 nuntio
761 3244 811 3299 illo
825 3244 942 3298 Diodori
956 3243 1042 3311 XVII,
1053 3249 1112 3310 a1,1
1129 3243 1265 3309 conferas,
1279 3242 1403 3312 reperies
1418 3261 1474 3297 non
1488 3243 1560 3298 Poro
1576 3244 1625 3298 sed

312 3313 423 3384 Sopithi
438 3313 613 3370 Gandaridas
628 3315 715 3370 fuisse
730 3316 879 3370 subiectos.
913 3314 1014 3369 Strabo
1029 3313 1104 3368 enim
1118 3317 1216 3368 narrat
1229 3313 1247 3368 l.
1258 3314 1276 3368 1.
1287 3334 1313 3384 p.
1326 3319 1391 3369 698:
1411 3315 1513 3383 μεταξὺ
1528 3313 1560 3369 a
1574 3323 1624 3370 τοῦ

307 3382 449 3440 Ὑδάσπου
472 3387 521 3440 καὶ
543 3396 592 3441 τοῦ
609 3384 748 3442 Ἀκεσίνου
773 3385 820 3457 ἥτε
843 3396 893 3442 τοῦ
913 3388 1015 3454 Πώρου
1040 3383 1103 3440 ἐστι’.
1142 3405 1168 3456 p.
1186 3392 1237 3440 699
1256 3387 1305 3440 καὶ
1323 3385 1384 3455 τὴν
1403 3385 1569 3440 Κάθαιαν
1588 3385 1626 3441 δέ
1739 3391 1740 3438 i

311 3477 402 3519 τινες
419 3457 481 3527 τὴν
495 3456 715 3526 Σωπείθονς,
733 3469 789 3514 τῶν
808 3467 957 3528 νομαρχῶν
975 3477 1052 3520 τινος
1066 3457 1152 3512 κατὰ
1169 3457 1267 3525 τήνδε
1285 3457 1346 3527 τὴν
1365 3455 1624 3526 μεσοποταμίαν

311 3528 453 3584 scolaria:
473 3529 515 3584 ita
534 3531 644 3584 codices
663 3531 752 3598 recte3
771 3530 846 3584 male
865 3530 1036 3584 addiderunt
1049 3529 1101 3583 viri
1121 3529 1198 3583 docti
1216 3530 1274 3584 aot
1292 3529 1358 3583 ante
1372 3528 1423 3598 τὴν
1438 3526 1623 3597 Haustanes,

312 3599 362 3653 alii
381 3600 469 3670 igitur
487 3602 637 3672 scriptores
656 3605 763 3656 veteres
783 3604 892 3672 ponunt
909 3617 1028 3672 regnum
1047 3601 1180 3670 Sopithis,
1201 3600 1279 3655 cuius
1298 3600 1377 3670 ragio
1396 3598 1517 3654 Κάθαια
1535 3601 1624 3655 nomi·

311 3671 440 3739 nubatur,
464 3673 538 3726 inter
560 3673 725 3743 Hydaspem
751 3676 780 3727 et
798 3673 953 3728 Acesinem.
991 3672 1159 3742 quibuscum
1177 3672 1313 3726 Arrianus
1337 3671 1468 3742 congruit
1491 3671 1541 3740 qui
1559 3671 1624 3726 Alc·

311 3743 448 3796 xandrum
462 3744 552 3800 tribus
567 3745 675 3812 diebus,
689 3749 840 3815 postquam
853 3744 960 3798 Nicaea
972 3743 1078 3814 (Mong)
1093 3744 1215 3798 secundo
1229 3743 1364 3813 Hydaspe
1377 3746 1526 3813 provectus
1542 3746 1623 3810 esset,

311 3815 341 3868 in
359 3830 477 3884 regnum
496 3815 621 3886 Sopithis
644 3817 754 3872 venisse
774 3816 901 3871 tradidit.
939 3815 1118 3898 Aristobulus
1142 3815 1230 3884 igitur
1253 3818 1281 3869 et
1299 3815 1477 3870 Ptolemaeus
1497 3813 1622 3885 Sopithis

311 3885 1622 4027 constristabantittotamiltstatolltinstituturus?

311 4047 373 4083 mus
393 4031 517 4084 montem
539 4030 620 4084 illum
639 4031 706 4085 salis
730 4032 826 4086 extare
849 4030 889 4084 cis
907 4029 1072 4099 Hydaspem
1090 4029 1164 4083 inter
1182 4029 1288 4099 oppida
1306 4029 1393 4084 Ketis
1413 4028 1458 4100 (cf.
1474 4029 1622 4097 cathaeos)

312 4103 341 4155 et
358 4101 455 4168 Bheda
475 4101 549 4170 (vide
591 4119 645 4156 uae
668 4103 743 4156 infra
767 4103 802 4156 de
821 4102 938 4171 Sopithe
961 4101 1050 4156 altero
1074 4101 1253 4171 scripserim).
1290 4101 1384 4171 pergit
1404 4100 1517 4156 Strabo:
1546 4100 1622 4155 ἄλλοι

313 4170 344 4226 δὲ
363 4172 412 4226 καὶ
430 4181 480 4226 τοῦ
496 4121 635 4227 ’Anaaiiev
654 4173 744 4242 πέραν
763 4175 811 4228 καὶ
829 4181 878 4228 τοῦ
893 4171 1074 4240 Ὓαρώτιδος,
1095 4170 1197 4242 ὅμορον
1215 4181 1249 4244 τῇ
1268 4174 1370 4241 Πώρου
1388 4180 1438 4226 τοῦ
1458 4171 1552 4240 ἑτέρου
1572 4215 1576 4225 .
1594 4213 1620 4225 ..

311 4244 376 4298 Pori
395 4244 510 4298 alterius
527 4261 646 4315 regnum
660 4245 734 4300 inter
748 4245 897 4299 Acesiuem
911 4245 939 4298 et
952 4243 1101 4313 Hyarotim
1116 4244 1202 4298 situm
1215 4243 1303 4298 fuisse
1322 4260 1418 4298 omnes
1434 4244 1619 4298 consentiunt.

312 4333 361 4370 cur
375 4318 472 4370 autem
486 4315 586 4371 Strabo
605 4317 719 4386 scripsit
736 4318 785 4371 καὶ
802 4324 852 4370 τοῦ
866 4313 1004 4370 Ἀκεσίνου
1022 4313 1112 4384 πέραν
1131 4316 1180 4369 καὶ
1198 4324 1247 4370 τοῦ
1262 4313 1437 4384 Ἵύρὼτιδος,
1456 4315 1556 4384 quidni
1574 4314 1621 4368 aul

311 4396 361 4442 τοῦ
375 4385 542 4456 ‘rapturos
564 4389 693 4443 tanturn?
730 4391 805 4442 certe
828 4388 904 4456 quod
931 4387 975 4440 illi
998 4385 1136 4442 Gathaecs
1159 4389 1188 4441 et
1207 4387 1333 4456 Sopithis
1355 4404 1386 4441 re
1425 4405 1474 4440 um
1499 4387 1620 4440 diversas

311 4459 490 4514 tradiderunt
509 4475 570 4514 esse
587 4460 717 4529 regiones
736 4459 811 4530 (vide
829 4459 983 4513 Diodorum
1003 4461 1032 4513 et
1050 4457 1186 4529 Curtium)
1211 4459 1240 4512 et
1258 4457 1376 4513 Gathaei
1415 4457 1564 4513 abitabant
1581 4456 1620 4511 cis

312 4533 342 4584 et
360 4533 437 4584 trans
456 4531 613 4600 Hyarotim,
632 4530 757 4600 Sopithis
776 4548 895 4601 regnum
914 4531 999 4585 situm
1023 4531 1084 4584 crat
1102 4531 1180 4584 trans
1200 4530 1356 4600 Hyarotim.
1394 4529 1509 4584 illorum
1528 4532 1620 4583 autem

313 4601 429 4656 Gathaei
447 4620 561 4672 prorsus
586 4602 635 4656 alii
659 4606 725 4658 sunt
748 4607 834 4673 atque
858 4602 884 4656 ei
903 4602 952 4672 qui
972 4602 1011 4655 cis
1030 4604 1059 4656 et
1077 4604 1155 4655 trans
1174 4602 1337 4671 Hydaspem
1356 4601 1533 4656 habitabant.
1569 4617 1620 4654 vox

215 4678 218 4686 '
312 4674 375 4743 ipsa
389 4673 502 4728 illorum
516 4675 552 4728 ab
562 4675 661 4729 Indica
674 4674 793 4729 Rhattia
807 4674 872 4744 (akr.
883 4675 978 4728 xattar
994 4673 1045 4730 ‘bic
1059 4673 1237 4744 Segeibcuag
1252 4674 1321 4730 siuet
1335 4672 1489 4743 tltittbllutb
1503 4671 1618 4742 dobba

312 4746 404 4820 trauca
422 4747 471 4803 ortt
489 4745 581 4802 Cadra
601 4748 660 4804 obet
678 4747 846 4819 amputabit)
866 4745 1027 4812 derivanda,
1046 4745 1109 4800 vide
1124 4744 1261 4800 Leimann
1279 4744 1298 4798 l.
1313 4745 1331 4799 l.
1348 4764 1374 4815 p.
1392 4749 1443 4800 749
1462 4745 1527 4799 adn.
1564 4743 1619 4797 iam
