3506 5306
874 313 1097 380 ..70-

332 516 412 578 quos
436 493 597 559 deditione
621 493 716 558 facile
739 491 921 558 Alexander
948 492 1076 578 recepit.
1123 513 1259 575 cumque
1286 495 1415 576 postero
1448 491 1498 558 die
1521 491 1642 556 milites

330 593 495 657 refecisset
518 589 693 678 quartom)
719 589 859 677 Sangala
886 590 927 654 ad
956 587 1127 677 urbem²²³)
1153 611 1341 676 progressus
1365 595 1422 655 est.
1463 579 1663 675 01000110Ι

331 690 418 755 thasi
451 691 610 773 ceterique
643 711 754 754 eorum
787 688 914 754 accolae
947 710 1047 773 prope
1079 688 1192 754 urbem
1226 689 1260 752 in
1292 688 1375 753 clivo
1408 710 1474 754 non
1499 687 1643 772 undique

331 791 506 872 praerupto
531 787 752 853 constiterant.
798 787 833 851 in
856 786 962 851 medio
986 785 1068 851 colle
1097 789 1219 852 stantes
1244 787 1450 852 circumcirca
1473 808 1587 852 currus
1611 786 1645 851 in

331 886 441 951 orbem
474 885 625 971 dispositi
657 885 780 970 triplici
813 885 904 969 quasi
934 883 1021 949 vallo
1053 885 1235 949 tuebantur.
1282 885 1373 950 cuius
1405 884 1470 950 1001
1493 887 1644 950 naturam

331 984 611 1068 munitionemque
634 987 666 1048 01
688 983 830 1048 hostium
855 982 1096 1047 multitudinem
1117 983 1321 1068 conspicatus
1336 981 1519 1048 Alexander
1542 984 1644 1048 aciem

331 1105 428 1168 quam
460 1083 569 1166 potuit
601 1081 860 1147 commodissime
883 1081 1051 1166 instruxit,
1074 1082 1307 1166 hippotoxotas
1338 1082 1461 1148 interea
1484 1083 1646 1166 emittens,

332 1181 389 1265 qui
423 1179 646 1264 adequitantes
679 1181 752 1244 telis
784 1182 931 1264 peterent
954 1176 1061 1264 Indos,
1093 1201 1134 1244 ne
1166 1180 1256 1264 prius
1283 1180 1501 1245 excursionem
1528 1179 1579 1244 illi
1601 1181 1647 1245 fa

333 1282 449 1364 cerent,
482 1301 579 1363 quam
611 1277 731 1343 milites
764 1277 954 1344 Macedones
987 1280 1061 1361 apte
1094 1276 1275 1343 Alexander
1308 1277 1509 1362 collocasset,
1545 1281 1646 1362 utque

333 1377 486 1442 damnum
514 1380 588 1441 ante
616 1377 722 1462 ipsam
750 1399 892 1463 pugnam
921 1375 986 1440 iam
1010 1376 1191 1459 acciperent
1214 1374 1312 1440 etiam
1335 1377 1422 1440 intra
1444 1376 1646 1440 munimenta

333 1497 486 1540 curruum
518 1476 648 1560 recepti.
694 1475 728 1540 in
761 1475 874 1539 dextro
907 1495 1008 1540 cornu
1040 1474 1186 1558 equitum
1219 1495 1332 1560 agema
1363 1473 1474 1558 posuit
1504 1476 1539 1538 01
1567 1469 1647 1536 Oliti
1742 1559 1743 1562 Ἴ

335 1573 569 1659 hipparchiam,
592 1573 758 1658 proximos
781 1573 833 1637 his
856 1573 1063 1658 hypaspistas
1082 1593 1154 1637 oum
1169 1569 1337 1658 Agrianis3
1360 1571 1395 1636 in
1417 1572 1552 1637 sinistro
1571 1570 1645 1636 Per-

334 1671 441 1736 diccae
473 1671 598 1756 equites
632 1693 705 1736 cum
737 1672 1000 1756 penhetaerorum
1031 1670 1214 1756 legionibus
1223 1667 1275 1757 ¹¹⁴²)
1308 1669 1493 1735 collocavit:
1528 1674 1562 1733 et
1595 1668 1646 1732 his

335 1769 465 1853 quidem
487 1769 674 1835 Perdiccam
701 1769 864 1854 pracfecit.
909 1769 1096 1856 sagittarios
1125 1767 1262 1852 denique
1290 1768 1325 1832 in
1347 1771 1522 1852 utrumque
1546 1788 1645 1832 cornu

333 1867 451 1932 divisit.
498 1867 545 1931 ita
567 1867 634 1932 fere
657 1867 725 1932 0010
748 1868 908 1932 instructa
926 1866 1157 1951 superveniunt
1179 1865 1364 1931 Alexandro
1395 1867 1535 1952 agminis
1560 1868 1647 1950 post

333 1965 414 2029 remi
436 1964 564 2029 milites.
611 1987 748 2048 quorum
781 1965 905 2050 equites
933 1965 1053 2030 divisos
1077 1965 1111 2029 in
1143 1963 1294 2030 cornibus
1318 1965 1497 2048 collocavit,
1520 1963 1646 2049 pedites

332 2061 486 2149 phalangi
510 2063 657 2129 adiunxit
680 2085 812 2148 eamque
836 2063 1063 2128 confertiorem
1087 2063 1234 2128 reddidit.
1258 2063 1322 2127 iam
1346 2063 1521 2147 assumptis
1542 2061 1646 2126 dextri

333 2183 452 2226 cornus
476 2161 640 2245 equitibus
663 2183 720 2226 rex
743 2162 777 2226 10
803 2159 957 2226 Indorum
985 2183 1096 2227 000000
1120 2183 1139 2224 0
1161 2165 1254 2246 parte
1279 2163 1371 2226 laeva
1398 2165 1519 2226 stantes
1544 2161 1646 2224 movit

333 2281 407 2324 cum
430 2263 464 2323 et
485 2258 613 2323 facilius
637 2259 684 2324 ibi
706 2259 799 2324 collis
822 2259 903 2323 adiri
925 2281 1019 2344 posse
1037 2259 1200 2324 videretur
1222 2281 1325 2344 neque
1349 2259 1396 2324 110
1419 2259 1509 2324 densi
1534 2280 1645 2324 currus

335 2357 506 2442 compositi
541 2361 656 2422 essent.
702 2355 775 2422 Indi
797 2380 874 2422 vero
907 2381 973 2423 non
1004 2362 1096 2423 extra
1127 2381 1239 2424 currus
1266 2361 1511 2442 prorumpentes
1536 2359 1572 2422 10
1595 2356 1645 2420 01-

333 2457 513 2541 0001100100
541 2455 731 2521 Macedones
759 2456 915 2541 impeturn
942 2457 1087 2522 fecerunt
1114 2456 1170 2521 sed
1197 2456 1446 2522 conscendentes
1470 2476 1585 2520 000000
1608 2476 1645 2519 ex

335 2555 449 2619 altiore
472 2555 544 2618 loco
568 2553 634 2618 tela
661 2554 864 2620 immiserunt
889 2554 1064 2641 permulta,
1087 2560 1125 2620 ut
1147 2553 1338 2640 Alexander,
1366 2555 1497 2642 cognito
1521 2554 1644 2638 equites

332 2731 362 2784 in
381 2729 588 2784 Mahdbhtrata
609 2729 724 2800 legitur)
748 2730 929 2785 derivaverat.
967 2731 1110 2801 significat
1131 2749 1184 2786 vox
1209 2731 1329 2802 populos
1358 2731 1418 2785 sine
1440 2729 1565 2800 regibus.
1602 2744 1644 2783 res
1741 2703 1742 2716 ¹

333 2802 472 2856 immerito
500 2801 527 2856 ei
554 2801 642 2855 dubia
664 2801 724 2855 visa
747 2804 791 2855 est
813 2802 1030 2870 3001111011Π
1052 2822 1080 2872 p.
1097 2808 1147 2856 161
1172 2803 1267 2856 adut
1294 2820 1358 2856 cum
1380 2818 1438 2856 una
1460 2804 1576 2855 tantum
1594 2801 1644 2854 hcc

333 2873 446 2927 nominc
463 2889 533 2942 gens
552 2872 719 2942 appelletur.
739 2873 872 2943 (Arriani)
889 2871 1038 2942 Ἀρατρίων
1058 2874 1102 2944 (01.
1117 2873 1220 3015 Peripl.
1235 2891 1303 2928 mar.
1318 2893 1345 2944 p.
1361 2879 1395 2927 27
1411 2874 1453 2928 ed.
1468 2873 1570 2942 Huds.)
1589 2873 1644 2926 iam

333 2944 444 2998 Wilson
464 2944 531 3014 (‘An
550 2960 631 3011 essay
650 2960 686 2997 on
704 2944 753 2998 the
771 2944 880 3014 history
898 2945 931 2999 01
942 2945 1079 3000 Cashmir’
1100 2947 1130 3000 in
1149 2945 1228 3001 aiat.
1244 2945 1301 3015 1101.
1315 2945 1367 2999 XV
1385 2964 1412 3014 p.
1430 2947 1491 3014 100)
1511 2945 1550 2998 ad
1564 2945 1643 3008 Aret

333 3019 377 3081 tas
396 3015 460 3069 illos
479 3018 555 3070 recte
573 3015 692 3070 rettulit.
730 3015 856 3084 Droysen
873 3016 900 3069 Π
918 3035 944 3086 p.
961 3022 1012 3071 150
1032 3018 1096 3070 adn.
1115 3034 1166 3086 pro
1185 3016 1335 3070 Attakcnis
1355 3033 1424 3085 quos
1444 3016 1519 3070 eirca
1538 3013 1643 3069 Neudri
1740 3043 1742 3080 ς

333 3087 411 3140 fluvii
429 3087 522 3141 fontes
545 3086 619 3140 iuter
637 3086 785 3140 Acesinem
808 3090 837 3141 et
854 3087 1003 3156 Hyarotim
1026 3087 1188 3142 habitantes
1207 3087 1276 3142 fecit
1293 3087 1437 3154 Arrianus,
1456 3086 1643 3142 restituendos

334 3174 394 3212 esse
407 3157 597 3212 Arattakenos
615 3158 747 3228 opinatus
767 3160 818 3224 001,
836 3159 892 3212 nisi
911 3160 987 3227 quod
1006 3159 1138 3228 equidem
1155 3159 1243 3215 talem
1261 3159 1382 3214 nominis
1398 3158 1530 3213 formam:
1553 3159 1643 3211 ‘Arat

333 3231 424 3284 tenos’
445 3229 628 3299 praeferrem
647 3230 698 3283 sed
716 3229 834 3283 dubium
852 3248 920 3284 num
938 3230 979 3284 ibi
997 3230 1080 3285 liberi
1098 3231 1197 3300 populi
1217 3231 1287 3300 (sine
1305 3231 1430 3301 regibus)
1444 3229 1641 3284 habitaverint.

333 3301 453 3355 fortasse
475 3300 564 3371 igitur
583 3298 759 3369 Ἀσσακηνῶν
782 3300 946 3371 legendum,
969 3317 1036 3356 nam
1052 3302 1144 3376 1010101
1167 3305 1233 3356 sunt
1255 3305 1333 3356 trans
1352 3301 1500 3372 Hyarotim
1519 3298 1643 3356 Gandari

333 3372 378 3427 001
393 3371 572 3426 Gandaridae
591 3388 742 3440 eorumque
759 3388 808 3427 rex
822 3373 961 3444 Apvapati
971 3401 1003 3419 =
1016 3372 1170 3443 Sopoithes.
1208 3374 1295 3428 etiam
1313 3373 1389 3428 intra
1408 3373 1541 3428 Suastum
1560 3374 1589 3427 et
1601 3371 1643 3424 ln·

334 3443 402 3498 dum
421 3446 460 3514 (et
477 3445 556 3498 trans
574 3442 684 3512 Indum)
703 3443 873 3498 habitabant
888 3443 1012 3498 Gandari
1031 3448 1060 3498 01
1077 3445 1164 3499 vicini
1178 3445 1320 3499 Assaceni.
1359 3447 1483 3499 ceterum
1502 3447 1531 3498 et
1545 3442 1643 3498 Adrai-

335 3518 393 3570 stas
421 3517 450 3569 01
472 3515 587 3569 Areatas
615 3516 644 3568 et
671 3515 797 3569 Aratrios
824 3515 907 3568 unius
935 3515 1056 3570 nominis
1081 3516 1172 3570 Indici
1200 3517 1323 3571 diversas
1350 3519 1419 3586 puto
1448 3531 1508 3570 esse
1537 3514 1641 3584 effigies

334 3587 469 3652 Graecas,
498 3585 576 3640 00101
604 3601 689 3655 supra
711 3585 876 3656 Hippasios,
899 3587 1047 3657 Aspasios‚
1071 3589 1239 3655 Assacenos‚
1263 3589 1429 3658 Aspaganos
1456 3587 1640 3657 cognovimus.

334 3657 452 3712 nimium
470 3657 559 3728 igitur
577 3659 676 3711 cantus
695 3656 752 3710 fuit
769 3657 873 3712 Lassen
891 3657 917 3710 11
934 3677 962 3728 p.
979 3664 1028 3713 161
1049 3659 1113 3713 adn.
1129 3665 1153 3713 δ.

425 3732 486 3798 222)
505 3729 590 3783 100110
608 3731 641 3782 01
659 3728 771 3782 vidctur
789 3729 843 3796 die,
863 3729 913 3783 sed
932 3733 1032 3798 quarto
1051 3733 1202 3800 postquam
1220 3729 1256 3784 ab
1275 3730 1395 3798 Hyaroti
1413 3729 1557 3799 profectus
1576 3729 1639 3784 erat.

336 3803 410 3854 certe
430 3803 591 3854 erraverunt
609 3799 736 3868 Droysen
754 3799 780 3852 11
797 3819 824 3870 p.
841 3807 892 3854 150
911 3803 941 3854 et
958 3801 1063 3856 Lassen
1080 3802 1106 3855 II
1124 3821 1150 3871 p.
1168 3807 1227 3868 167,
1246 3801 1310 3855 vide
1328 3801 1442 3856 Lezium
1460 3820 1487 3871 p.
1503 3806 1573 3868 402.
1738 3833 1740 3864 y

424 3874 486 3940 223)
510 3871 545 3925 cf.
566 3871 630 3925 010.
646 3875 706 3924 219.
744 3873 868 3926 ceterum
893 3873 928 3926 de
953 3871 1083 3927 Cathaeis
1107 3873 1207 3927 Strabo
1231 3871 1283 3926 XV
1300 3891 1327 3942 p.
1344 3877 1394 3926 699
1419 3873 1465 3927 fin.
1484 3874 1514 3926 et
1531 3871 1638 3926 Diodor.
1738 3865 1740 3908 l

335 3941 420 4008 XVII,
436 3947 468 3996 91
488 3941 618 4009 afferunt,
637 3943 768 3997 mulieres
786 3944 848 4012 pati
867 3961 897 3998 se
921 3944 1046 3998 comburi
1069 3962 1133 3998 cum
1155 3944 1264 3998 maritis
1287 3943 1411 3998 mortuis.
1450 3960 1536 4012 quam
1554 3944 1639 4012 legem
1738 3967 1739 3980 .

336 4013 470 4068 dicebant
492 4016 622 4084 rogatam
645 4029 705 4068 esse
728 4030 764 4067 ne
782 4031 888 4070 veneno
911 4014 971 4069 ulla
989 4033 1058 4070 uxor
1077 4015 1225 4086 coniugem
1243 4015 1359 4070 alterius
1378 4014 1495 4069 iunioris
1514 4015 1639 4068 condam-

335 4088 415 4140 mata
433 4101 528 4139 amore
547 4085 582 4138 de
600 4085 693 4138 medio
712 4085 834 4152 tolleret,
853 4086 930 4155 qnod
948 4087 1034 4140 semel
1052 4087 1161 4141 facturn
1180 4103 1296 4141 causam
1313 4087 1386 4156 legis
1404 4086 1492 4140 fuisse
1505 4086 1639 4142 Diodorus

337 4159 443 4224 narrat,
463 4174 527 4210 cum
542 4156 642 4210 Strabo
661 4156 751 4210 dicat:
772 4153 814 4210 du
832 4155 934 4226 ἐρῶσαί
951 4176 1032 4214 ποτε
1051 4158 1092 4228 (αἱ
1110 4161 1251 4228 γυναῖκες)
1269 4166 1324 4212 τῶν
1343 4157 1415 4212 νέων
1435 4155 1638 4227 &plessiaco

334 4237 398 4283 τῶν
413 4230 548 4297 ἀνδρῶν
566 4225 584 4296 ἢ
600 4227 861 4296 φαρμακεύοιεν
876 4229 985 4292 αὐτούς.
1020 4231 1105 4298 01000
1120 4230 1157 4283 01
1172 4229 1310 4284 Cathaoos
1324 4231 1437 4282 tantum
1450 4229 1525 4283 hunc
1539 4243 1639 4283 morem

334 4303 481 4368 tamquam
508 4299 545 4352 ad
569 4298 689 4352 liberum
715 4299 852 4368 populum
879 4301 951 4354 bano
973 4317 1056 4370 posse
1083 4300 1182 4355 referri
1209 4300 1314 4355 Lassen
1341 4301 1454 4370 putavit
1476 4301 1502 4354 11
1528 4319 1556 4370 p.
1579 4303 1637 4364 1⁷1;

336 4371 385 4440 qui
403 4387 463 4424 mos
482 4387 655 4439 quamquam
672 4373 768 4424 nostra
788 4387 899 4439 quoque
918 4374 1020 4440 aetate,
1035 4375 1123 4440 utque
1136 4373 1226 4426 Kruse
1244 4372 1262 4425 l.
1278 4372 1296 4425 l.
1311 4390 1338 4441 p.
1350 4376 1383 4425 60
1399 4371 1477 4440 dicit,
1494 4371 1637 4441 praecipue

335 4443 365 4496 in
383 4441 546 4511 Kschatrija
566 4441 663 4495 ordine
682 4442 830 4510 invenitur,
854 4447 950 4497 tamen
974 4444 1010 4498 ab
1029 4444 1104 4498 Ariis
1127 4444 1245 4498 vetustis
1263 4443 1362 4498 Indiae
1381 4460 1438 4498 non
1457 4443 1638 4498 adhibebatur
1737 4459 1738 4464 ¹

335 4530 426 4582 neque
444 4514 522 4584 leges
541 4513 627 4567 Manu
647 4529 711 4567 eum
729 4517 872 4570 noverunt.

425 4589 487 4656 221)
511 4587 581 4654 0001
603 4584 656 4638 hoc
679 4585 740 4638 loco
765 4585 823 4639 sint
849 4582 1017 4655 πεζεταίρων
1040 4586 1132 4652 τάξεις
1155 4590 1184 4642 01
1206 4603 1346 4656 quaenam
1370 4587 1427 4640 dici
1450 4587 1561 4656 nequit,
1579 4599 1636 4638 cum

336 4654 465 4711 Craterus
489 4658 518 4710 et
536 4655 644 4710 Coenus
668 4659 697 4710 et
714 4656 908 4726 Hephaestion
933 4674 996 4712 cum
1018 4659 1163 4728 peditibus
1182 4658 1319 4726 afuerint,
1338 4661 1367 4712 01
1385 4658 1558 4728 ignoremus,
1576 4669 1635 4709 num

336 4726 465 4782 Craterus
486 4731 536 4782 aut
554 4727 746 4799 Hephaestion
766 4727 944 4799 πεζεταίρους
963 4746 1058 4784 secum
1077 4730 1216 4785 duxerint.
