3506 5306
683 335 906 399 -81-

134 535 235 597 quam
259 533 326 577 non
348 513 486 578 libenter
508 511 652 597 pericula
674 511 828 578 ulteriora
851 513 970 578 adituri
993 518 1108 597 essent,
1127 536 1289 599 quamque
1311 515 1450 581 libenter

133 611 323 698 regressuri.
355 615 464 675 tamen
478 615 547 675 tum
562 609 745 676 Alexander
759 609 858 676 Coeni
877 612 1031 696 loquendi
1043 612 1193 676 libertate
1207 617 1240 677 et
1251 614 1450 697 reliquorum

134 710 256 775 ducum
280 710 420 796 segnitia
442 731 524 794 quae
547 710 577 774 ei
600 710 770 775 videbatur
802 710 902 774 iratus
936 711 1119 774 contionem
1142 710 1273 776 dimisit.
1319 717 1450 796 postero

133 809 189 872 dic
220 829 333 872 rursus
365 808 485 873 eisdem
518 828 591 872 eum
615 809 662 872 ira
685 809 868 873 convocatis
892 809 1050 892 exposuit,
1078 831 1111 872 se
1133 809 1240 893 ipsum
1262 831 1360 894 porro
1383 832 1451 875 mo-

133 911 247 972 turum
272 928 349 992 esse,
372 905 585 971 Macedonum
608 907 769 971 neminem
789 907 926 972 invitum
951 905 1065 971 debere
1089 908 1193 992 sequi;
1217 908 1373 974 affuturos
1396 931 1451 974 au·

133 1009 203 1073 tem
237 1027 271 1071 se
304 1026 441 1089 sperare,
472 1005 527 1088 qui
559 1027 668 1091 regem
701 1027 795 1070 suum
828 1027 886 1070 aua
915 1009 1030 1089 sponte
1053 1006 1290 1072 comitarentur.
1336 1009 1451 1072 ceteris

134 1106 234 1168 licere
249 1104 382 1168 domum
396 1101 494 1187 abire,
517 1102 574 1167 ubi
587 1104 782 1187 nuntiarent,
805 1125 914 1190 regem
929 1104 1014 1168 inter
1027 1104 1151 1169 medios
1169 1104 1279 1169 hostes
1301 1104 1450 1170 relictum

135 1225 208 1268 esse
232 1201 273 1266 ab
297 1203 384 1286 ipsis.
430 1201 495 1266 iam
518 1223 552 1266 se
575 1203 610 1266 in
633 1201 874 1267 tabernaculum
900 1224 993 1266 suum
1011 1203 1133 1286 reecpit
1150 1224 1255 1288 neque
1274 1204 1450 1269 amicorum

134 1322 334 1386 quemquam
357 1322 415 1385 per
437 1303 502 1366 tres
526 1300 593 1364 dies
616 1300 747 1365 admisit
769 1304 957 1386 exspectans
981 1301 1008 1365 si
1027 1322 1091 1384 qua
1109 1302 1290 1366 animorum
1304 1303 1451 1383 mutatio,

135 1423 220 1485 quae
235 1421 329 1484 saepe
344 1400 378 1463 in
392 1398 534 1463 militum
552 1399 649 1463 turba
667 1399 750 1464 solet
768 1400 848 1483 fieri,
861 1398 1091 1464 Macedonibus
1110 1399 1270 1484 sociisque
1289 1400 1452 1484 incideret,

134 1505 175 1565 ut
196 1497 326 1564 facilius
354 1496 417 1564 sibi
443 1497 628 1582 persuaderi
655 1501 850 1582 paterentur.
897 1519 969 1562 oum
992 1501 1102 1562 tamen
1124 1518 1278 1582 magnum
1307 1501 1391 1564 esset
1418 1499 1452 1564 in

135 1598 253 1664 castris
272 1595 436 1661 silentium
459 1599 492 1660 et
514 1594 634 1660 milites
662 1597 710 1660 ira
731 1594 909 1660 Alexandri
931 1595 1024 1660 valde
1052 1596 1206 1661 commoti
1230 1595 1360 1680 quidem
1383 1619 1452 1662 esse

134 1717 243 1780 neque
266 1699 375 1760 tamen
398 1694 498 1758 animi
520 1695 638 1758 mutati
661 1698 862 1778 apparerent,
884 1694 1095 1758 nihilominus
1118 1717 1177 1780 pro
1195 1696 1334 1759 transitu
1358 1697 1451 1760 sacri-

135 1791 312 1880 fioavit.²⁶³)
346 1814 435 1858 sacra
458 1814 534 1857 vero
559 1813 632 1856 eum
655 1792 816 1857 infelicem
845 1792 1023 1858 indicarent
1046 1796 1205 1876 eventum,
1228 1796 1298 1857 tum
1322 1793 1451 1862 demum

136 1894 317 1958 amicorum
350 1895 383 1956 et
404 1893 484 1954 natu
507 1891 665 1954 maximos
698 1893 731 1954 et
763 1890 895 1954 intimos
918 1891 1137 1955 familiaritate
1160 1891 1350 1955 convocavit
1371 1914 1451 1956 nun·

136 1992 307 2074 tiavitque,
335 1990 488 2074 quoniam
517 1989 625 2054 omnia
647 1988 787 2054 reditum
815 1988 1018 2073 postularent
1041 1993 1199 2054 statutum
1223 1989 1283 2054 sibi
1305 2012 1373 2054 esse
1397 1989 1452 2055 do-

136 2113 228 2156 mum
260 2089 386 2153 reverti.
433 2087 520 2172 quod
542 2087 596 2152 vix
629 2087 801 2152 audierunt
823 2089 952 2171 milites,
984 2108 1058 2152 cum
1092 2086 1264 2152 clamorem
1288 2089 1451 2174 ingentem

136 2187 309 2271 tollebant,
332 2186 460 2271 qualem
484 2185 581 2251 turba
603 2187 688 2250 laeta
712 2185 794 2250 solet
818 2185 924 2250 edere:
957 2185 1013 2250 alii
1042 2186 1300 2270 lacrimavenmt,
1332 2186 1388 2251 alii
1411 2187 1451 2251 ad

136 2289 266 2373 regium
299 2284 542 2350 tabernaculum
574 2284 718 2370 aggressi
752 2285 860 2348 omnia
891 2284 977 2349 bona
999 2282 1184 2350 Alexandro
1214 2289 1344 2369 precata
1368 2289 1451 2368 sunt,

137 2384 228 2470 quod
252 2405 379 2468 semper
401 2384 540 2448 invictus
554 2405 573 2447 a
587 2383 747 2447 militibus
771 2384 848 2447 solis
861 2384 948 2448 vinci
971 2404 1005 2447 se
1023 2405 1136 2468 passus
1155 2386 1247 2448 esset.
1280 2383 1336 2448 sed
1349 2384 1452 2468 prius-

137 2507 237 2569 quam
262 2482 365 2566 rediit,
389 2482 528 2547 divisum
552 2482 585 2545 in
608 2483 739 2567 agmina
766 2478 1002 2568 exercitumm)
1026 2480 1194 2546 duodecim
1218 2503 1289 2546 aras
1314 2502 1352 2545 ex
1376 2504 1452 2566 qua-

138 2583 232 2648 drato
262 2602 339 2645 saxo
347 2577 400 2667 ²⁶⁶)
433 2578 603 2645 altitudine
626 2580 775 2644 maximis
807 2601 900 2663 pares
923 2576 1136 2668 turribusm),
1158 2579 1331 2645 latItudine
1354 2580 1451 2644 etiam

231 2813 294 2880 263)
312 2809 416 2866 fitteris
434 2810 488 2864 hoc
507 2810 654 2864 mandavit
671 2809 851 2866 Ptolemaeus
874 2810 950 2880 apud
968 2811 1121 2866 Arrianum
1129 2809 1163 2877 V,
1174 2815 1243 2876 28,4.
1281 2809 1382 2864 Strabo
1401 2808 1452 2864 XV

138 2903 165 2954 p.
177 2889 229 2938 697
249 2883 295 2936 fin.
316 2882 388 2936 dixit
406 2880 548 2950 μαντείαις
565 2881 756 2937 Alexandrum
775 2885 944 2937 commotum
958 2897 1020 2937 esse
1042 2898 1078 2936 ne
1101 2898 1184 2951 porro
1199 2882 1322 2936 duceret.
1341 2880 1451 2935 Kaerst.

138 2955 185 3009 l.l.
206 2973 234 3024 p.
246 2959 297 3008 366
317 2954 408 3008 edna
428 2969 492 3007 cam
511 2953 621 3008 scribit:
640 2953 695 3010 mer
713 2969 750 3010 ιιιι
769 2955 867 3025 inflige
885 2954 993 3022 Vestali
1010 2955 1054 3010 bat
1072 2953 1154 3022 Θυῖα
1172 2954 1217 3009 bct
1230 2952 1367 3023 ictericis
1380 2954 1453 3024 metr

140 3028 215 3084 daea
242 3025 376 3109 bornam
405 3025 448 3108 tta
469 3024 527 3108 'lein
546 3025 702 3108 Vtctbgeben,
731 2970 774 3082 oia
803 3027 851 3082 oea
879 3025 1076 3096 betimmectsn
1104 3025 1198 3108 (lirant
1217 3024 1265 3106 {dr
1278 3023 1317 3080 bie
1336 3024 1450 3095 limisit,

140 3099 261 3153 fortasse
279 3114 399 3152 mmmm
417 3097 497 3151 drxrt.
535 3097 569 3151 ef.
590 3113 666 3150 emm
684 3096 805 3152 slmilem
824 3097 1019 3152 condicionem
1038 3098 1123 3164 atque
1142 3097 1184 3150 rta
1203 3094 1324 3150 similem
1341 3095 1375 3148 ut
1389 3111 1452 3150 aras

140 3185 253 3239 quoqne
279 3169 316 3222 ad
334 3167 540 3224 Alexandream
568 3166 722 3238 Sogdianos
751 3168 788 3221 ad
815 3168 935 3222 Tanaim
963 3184 1047 3237 quem
1073 3168 1135 3238 ipse
1158 3167 1298 3222 Iaxartem
1324 3165 1453 3222 nominat

140 3243 297 3296 exstructas
325 3256 386 3294 esse
405 3239 477 3294 sciat
494 3239 602 3294 Plinius
613 3239 659 3306 VI,
673 3245 721 3294 49:
742 3241 827 3294 ‘Arae
845 3240 887 3294 ibi
906 3243 972 3295 sunt
999 3240 1036 3294 ab
1054 3238 1175 3294 Hercule
1201 3255 1234 3292 aa
1252 3238 1353 3293 Libero
1371 3241 1452 3307 patre

140 3312 320 3380 constitutae,
339 3311 415 3366 idem
434 3310 504 3380 Cyro
528 3313 558 3366 et
576 3310 761 3366 SamIramide
785 3314 871 3381 atque
894 3312 1074 3366 Alexandro)
1113 3311 1149 3366 de
1168 3310 1271 3380 quibus
1289 3309 1390 3364 Anien
1404 3309 1451 3377 IV,

139 3391 182 3453 4,1
202 3383 244 3438 nil
261 3383 317 3438 nisi
335 3383 418 3437 haee:
442 3383 530 3445 Αὐτὸς
549 3381 580 3436 δὲ
603 3382 655 3452 τὴν
673 3382 756 3438 πόλιν
777 3425 826 3438 ...
846 3381 967 3454 τειχίσας
986 3427 991 3438 .
1009 3427 1013 3437 .
1031 3427 1036 3436 .
1060 3383 1155 3444 θύσας
1171 3391 1231 3446 τοῖς
1249 3385 1331 3443 θεοῖς
1348 3381 1386 3444 ὡς
1404 3379 1452 3436 νό-

140 3477 191 3526 μος
219 3456 294 3528 αὐτῷ
322 3455 370 3509 acl
396 3454 493 3525 ἀγῶνα
520 3452 637 3510 iuranda
665 3473 694 3508 τε
722 3453 842 3522 ποιήσας
864 3455 931 3524 aad.)
968 3455 1005 3510 ad
1023 3454 1314 3508 Tanaim-Iaxartem
1338 3451 1382 3505 bis
1400 3469 1452 3522 pro

139 3527 263 3583 transitu
290 3526 451 3580 Alexander
478 3525 657 3593 sacrificavit3
685 3526 730 3580 bis
755 3526 788 3580 τὰ
818 3525 880 3595 ἱερὰ
899 3527 945 3582 ἐπὶ
962 3535 996 3597 τῇ
1020 3525 1150 3598 διαβάσει
1170 3526 1220 3580 οὐκ
1239 3520 1361 3595 ἐγίγνετο
1380 3523 1407 3577 h.
1427 3540 1450 3578 e.

140 3601 301 3670 opportuna
328 3615 385 3652 non
403 3600 493 3665 erant,
520 3600 553 3651 ut
571 3597 737 3652 Aristander
754 3598 925 3654 vaticinatus
944 3600 995 3652 est.
1033 3600 1129 3652 tamen
1147 3596 1308 3651 Alexander
1324 3595 1452 3663 transiit3

139 3671 209 3726 alcit
227 3669 342 3739 quidem
361 3669 479 3738 Scythas
499 3669 548 3724 sed
565 3672 682 3738 propter
694 3670 823 3724 morbum
841 3668 1018 3743 (Ἀλεξάνδρῳ
1036 3669 1068 3724 τὸ
1088 3677 1165 3737 σῶμα
1184 3668 1278 3737 ἔκαμε)
1296 3684 1353 3721 non
1366 3666 1452 3736 plane

139 3741 272 3812 persequi
286 3741 381 3811 potuit
394 3743 424 3796 et
437 3741 466 3794 in
481 3756 532 3795 sna
547 3743 640 3795 eastra
659 3757 688 3795 se
707 3740 804 3796 refert:
824 3741 872 3795 καὶ
892 3737 963 3796 οὕτω
977 3739 1078 3812 ξυνέβη
1092 3740 1110 3809 ἡ
1125 3736 1241 3808 μαντεία
1256 3737 1451 3810 Ἀριστάνδρῳ.

140 3830 245 3884 quaere
273 3813 310 3867 ad
328 3812 486 3882 Hyphasim
513 3828 544 3866 re
562 3829 627 3867 vera
645 3821 704 3874 τοῖς
731 3809 873 3881 μαντείαις
890 3829 1002 3881 quoque
1026 3814 1180 3867 commotus
1209 3827 1269 3866 esse
1288 3809 1399 3864 videtur
1416 3826 1452 3864 ne

159 3903 223 3942 orro
241 3885 303 3940 iret.

139 3905 158 3956 p
230 3958 294 4026 264)
311 3955 363 4010 has
382 3955 496 4010 Arriani
508 3955 538 4022 V,
550 3961 609 4024 29,1
630 3954 721 4020 τάξεις
748 3972 804 4010 non
831 3954 900 4010 licet
918 3954 1088 4010 confundere
1108 3972 1171 4008 oum
1189 3953 1349 4023 legionibus
1372 3952 1452 4022 pedi-

139 4031 207 4084 tum.
238 4031 324 4096 atque
338 4027 431 4093 miror,
446 4028 586 4096 quomodo
602 4027 637 4082 de
650 4027 695 4081 his
710 4027 834 4097 cogitare
848 4026 993 4096 potuerint
1006 4025 1111 4082 Lassen
1125 4026 1151 4079 ΙΙ
1169 4043 1196 4095 p.
1214 4031 1264 4080 173
1279 4025 1314 4079 of.
1325 4024 1452 4092 Droysen

138 4101 164 4155 Π
182 4120 209 4170 p.
226 4105 278 4154 166
297 4099 361 4153 adu.
378 4106 401 4153 1.
430 4100 521 4154 toturn
550 4099 702 4154 exercitum
729 4099 759 4154 in
787 4097 903 4170 agmina
921 4098 1026 4165 divisit,
1053 4114 1110 4152 non
1127 4098 1211 4152 modo
1229 4096 1340 4166 pedites
1358 4095 1452 4150 Mace-

140 4173 246 4228 donum
258 4171 304 4225 vel
322 4170 499 4226 Graecorum.
529 4186 563 4225 ac
581 4171 712 4225 videntur
731 4170 880 4225 duodecim
896 4169 1010 4240 agmina
1028 4169 1116 4224 fuisse
1135 4170 1172 4224 ad
1187 4185 1250 4223 aras
1269 4167 1452 4222 exstruendas

140 4260 214 4314 quac
233 4243 401 4298 accederent
419 4242 539 4312 singula.
578 4242 612 4296 cf.
633 4243 720 4296 etiam
738 4242 852 4297 Lenium
870 4261 897 4312 p.
914 4248 947 4297 52
968 4241 1063 4296 adml

231 4317 294 4385 265)
312 4315 354 4369 ita
374 4313 485 4369 Curtius
504 4317 537 4370 ut
554 4313 666 4368 videtur
684 4317 768 4370 recte.
805 4331 872 4368 nam
891 4314 915 4368 si
934 4313 1113 4382 aliquantum
1131 4311 1265 4382 temporis
1284 4310 1336 4365 illa
1354 4327 1451 4365 monu-

139 4389 237 4442 menta
255 4389 289 4458 (v.
303 4385 377 4440 Plut.
397 4404 421 4440 v.
437 4385 480 4440 Al.
501 4404 523 4440 e.
540 4391 573 4439 62
588 4386 645 4456 fin.)
666 4385 860 4440 ‘celeberrima
878 4387 964 4454 atque
983 4385 1103 4440 intacta'
1118 4383 1276 4440 fuerunt-
1288 4385 1353 4437 sunt
1366 4382 1452 4436 verba

140 4457 215 4514 Leaii
235 4489 269 4500 -
288 4457 438 4512 verisimile
466 4460 509 4512 est
536 4473 571 4512 ea
598 4457 685 4511 fuisse
713 4456 929 4526 diligentissime
952 4458 1095 4511 exstructa
1113 4455 1207 4526 (aliter
1234 4453 1371 4508 iudicavit
1388 4453 1450 4508 Lea.

140 4548 167 4600 p.
182 4535 217 4584 δι
236 4530 300 4584 adn.
318 4531 353 4600 l),
382 4532 468 4598 atque
485 4528 646 4583 Alexander
673 4530 748 4583 certe
776 4528 813 4582 ad
832 4528 1009 4583 aedificanda
1037 4544 1071 4582 ea
1090 4527 1229 4596 simulque
1247 4528 1280 4580 ut
1299 4525 1452 4580 exmcitum

140 4604 279 4657 recrearet
297 4619 353 4656 non
371 4601 500 4670 paullum
518 4599 652 4669 temporis
672 4600 709 4653 ad
727 4599 885 4669 Hyphasim
903 4602 1029 4654 moratus
1048 4602 1098 4654 est.

230 4676 293 4742 266)
311 4671 451 4729 Diodorus
465 4671 552 4737 XVII,
566 4676 626 4738 tt,1
647 4671 855 4740 qninquaginta
874 4670 971 4725 cubita
990 4671 1063 4725 altas
1082 4670 1170 4724 fuisse
1188 4668 1283 4736 refert,
1301 4668 1348 4722 vix
1365 4670 1450 4723 recte.

142 4746 174 4799 ut
191 4745 328 4800 minorem
345 4744 497 4800 inhaere
516 4742 715 4799 eihabeamus
734 4743 818 4797 fidem
843 4744 960 4798 monent
977 4742 1064 4811 etiam
1082 4757 1156 4812 quae
1174 4743 1337 4810 sequuntur.
1376 4742 1452 4802 certe
