3496 5308
848 315 1070 380 ..56-

305 495 429 578 equites
457 494 529 558 Indi
561 495 731 560 alacriores
763 495 842 559 facti
874 495 937 578 ipsi
968 496 1125 579 impetum
1153 495 1188 558 in
1211 493 1429 560 Alexandrum
1463 494 1642 558 1111111111.

304 615 414 658 rursus
438 597 546 658 tamen
568 593 608 657 ab
632 591 809 657 Alexandri
831 593 992 676 equitibus
1012 598 1044 658 et
1066 593 1182 658 robore
1205 597 1237 658 et
1260 593 1306 658 rei
1329 593 1478 657 militaris
1503 593 1642 676 peritia

304 692 402 776 longe
434 691 594 775 prioribus
625 691 704 756 victi
736 691 777 754 ad
809 690 996 775 elephantos
1029 691 1252 776 confugerunt.
1299 713 1379 776 quos
1412 691 1640 775 persequenti

304 789 487 858 Alexandro
516 791 579 855 iam
609 788 735 855 Coenus
764 790 898 874 accedit,
930 794 1027 874 atque
1055 791 1178 874 equites
1202 789 1391 855 Macedones
1421 790 1494 874 ipso
1520 793 1638 853 certa-

304 889 400 953 minis
432 911 605 974 progressu
638 889 702 952 iam
735 888 898 952 coniuncti
930 911 1080 976 magnam
1113 909 1333 974 quoscumque
1365 889 1510 974 aggressi
1544 891 1637 952 sunt

303 985 456 1051 Indorum
476 991 509 1051 et
528 987 673 1070 equitum
693 991 725 1050 et
743 983 947 1072 peditum¹⁶⁶)
966 987 1112 1051 1111111111
1130 987 1266 1051 caedem.
1313 987 1434 1051 interea
1452 987 1635 1070 elephanti

304 1107 323 1148 a
345 1083 560 1148 Macedonum
588 1084 749 1170 phalange
781 1086 884 1170 magis
913 1085 1080 1170 magisque
1108 1085 1142 1148 111
1165 1089 1270 1149 artum
1294 1085 1397 1149 coacti
1420 1105 1487 1148 non
1510 1085 1632 1149 minus

303 1184 367 1246 iam
386 1180 476 1248 Indis
501 1205 597 1266 quam
616 1182 845 1248 Macedonibus
869 1186 1056 1247 nocuerunt.
1098 1205 1173 1248 nam
1191 1183 1351 1248 vulnerati
1370 1184 1496 1268 partim,
1515 1188 1632 1248 recto-

302 1281 391 1345 ribus
424 1281 480 1344 alii
510 1284 668 1364 carentes,
696 1286 818 1346 certum
847 1283 990 1346 ordinem
1019 1302 1085 1345 non
1108 1285 1270 1346 servantes
1295 1281 1350 1346 sed
1372 1281 1440 1346 fera
1463 1282 1631 1364 quodam-

303 1379 400 1443 modo
433 1379 520 1443 rabie
552 1379 659 1444 affecti
691 1401 802 1445 omnes
834 1380 875 1444 ad
907 1401 988 1463 quos
1022 1401 1055 1445 se
1082 1379 1263 1462 vertebant,
1293 1380 1413 1444 amicos
1442 1383 1474 1444 et
1496 1380 1629 1464 hostes,

303 1477 535 1562 proculcahant
565 1482 622 1542 aut
651 1478 861 1562 proboscibus
890 1478 1033 1544 sublatos
1065 1479 1243 1544 rectoribus
1275 1478 1452 1543 tradebant.
1498 1479 1627 1544 damno

303 1580 413 1640 tamen
445 1576 566 1640 maiore
595 1598 691 1660 quam
715 1575 916 1660 Macedones,
944 1576 1000 1660 qui
1027 1577 1061 1640 in
1091 1580 1203 1660 aperto
1226 1578 1299 1642 loco
1322 1577 1442 1661 ubique
1465 1577 1627 1642 volebant
1720 1579 1721 1606 ³

302 1673 337 1737 in
360 1673 549 1757 elephantos
573 1673 781 1757 invadebant,
805 1675 1138 1759 appropinquantibus
1168 1676 1335 1759 cedebant,
1359 1676 1520 1741 conversis
1543 1676 1626 1739 feri-

303 1775 392 1836 entes
414 1771 633 1854 inhaerebant,
656 1771 729 1836 ludi
752 1772 931 1857 elephantis
955 1773 1104 1856 proximi,
1126 1774 1161 1838 in
1184 1778 1290 1838 artum
1314 1775 1454 1858 spatium
1473 1775 1625 1839 conclusi

303 1870 412 1934 affecti
436 1874 519 1934 sunt.
566 1892 604 1936 ac
626 1874 697 1935 turn
722 1871 871 1936 omnibus
894 1871 974 1936 locis
998 1872 1210 1957 pugnabatur.

392 1966 461 2032 Iam
485 1968 589 2034 Porus
618 1969 726 2034 omnia
759 1991 855 2035 ausus
884 1970 953 2054 ipse
981 1970 1153 2054 elephanto
1184 1971 1325 2035 maximo
1349 1974 1460 2036 vectus
1483 1971 1622 2054 quadra-

305 2066 396 2151 ginta
419 2067 563 2131 nondum
587 2068 715 2132 11111111
743 2069 950 2153 integrasque
977 2067 1087 2133 beluas
1112 2069 1218 2154 coegit
1240 2069 1338 2152 inque
1361 2069 1482 2134 medios
1506 2071 1623 2135 hostes

304 2162 458 2251 duxIt.¹⁶⁶)
505 2170 601 2249 atque
625 2186 776 2251 magnam
800 2171 886 2231 certe
908 2165 1037 2230 fecisset
1059 2165 1271 2231 Macedonum
1295 2170 1434 2252 stragem
1458 2167 1521 2232 uisi
1545 2189 1623 2231 cau-

301 2267 354 2327 tus
379 2261 561 2327 Alexander
588 2264 828 2328 accurrentibus
860 2264 965 2328 beluis
994 2263 1104 2328 cedere
1128 2264 1246 2328 milites
1275 2265 1420 2329 iussisset
1448 2269 1480 2329 et
1503 2267 1624 2348 procul

300 2363 410 2444 petere
433 2361 536 2426 hastis
559 2360 762 2449 telisqueffl)
808 2363 958 2426 nonnulli
981 2363 1077 2425 etiam
1102 2384 1121 2425 a
1143 2366 1235 2447 tergo
1259 2363 1447 2447 adrepentes
1466 2361 1623 2446 elephan-

300 2464 409 2524 torum
442 2461 614 2524 studebant
646 2461 743 2544 pedes
776 2464 942 2544 amputare
975 2460 1139 2524 securibus
1173 2460 1251 2543 quin
1282 2461 1380 2524 etiarn
1407 2461 1623 2545 proboscidas

300 2558 469 2622 beluarum
502 2559 618 2644 gladiis
651 2559 782 2642 persicis
813 2559 927 2622 leviter
964 2559 1103 2622 curvatis
1141 2555 1355 2644 appetere.¹⁶⁸)
1406 2559 1515 2642 itaque
1547 2561 1623 2624 vul-

300 2657 403 2720 nerati
435 2661 491 2720 aut
523 2657 670 2721 destituti
698 2656 890 2741 rectoribus,
919 2657 975 2739 qui
1003 2657 1076 2720 telis
1104 2657 1161 2720 icti
1184 2657 1223 2721 ab
1248 2656 1492 2740 elephantorum
1515 2659 1621 2743 tergis

302 2755 425 2839 delapsi
448 2759 555 2838 erant,
582 2754 617 2818 hi
642 2776 769 2839 quoque
793 2754 957 2838 elephanti
980 2755 1168 2837 corporibus
1191 2756 1226 2818 in
1248 2754 1358 2819 hostes
1382 2757 1544 2820 conversis
1568 2779 1622 2820 re·

301 2875 425 2918 cessere
457 2853 654 2936 pedetentim
685 2875 758 2916 cum
782 2851 965 2916 Alexander
994 2853 1151 2916 momenti
1179 2853 1343 2918 intellecta
1371 2855 1621 2938 opportunitate

300 2951 444 3016 hostium
478 2951 604 3016 ordines
638 2951 784 3016 turbatos
817 2974 836 3014 a
865 2951 993 3014 sinistra
1023 2954 1114 3034 parte
1139 2951 1271 3035 equites,
1295 2974 1313 3015 a
1337 2952 1447 3016 dextra
1470 2953 1619 3036 peditum

300 3053 391 3114 scuta
420 3050 659 3114 conserentium
687 3050 789 3114 aciem
817 3050 1011 3113 artissimam
1040 3049 1158 3112 adoriri
1181 3050 1283 3114 iussit.
1328 3053 1425 3132 atquc
1449 3051 1620 3136 inpugna

301 3149 367 3212 iam
391 3147 477 3212 facta
500 3151 533 3210 et
556 3148 680 3231 equites
699 3146 772 3211 Indi
795 3147 937 3230 undique
961 3147 1171 3212 circumventi
1194 3148 1368 3211 maximam
1387 3152 1512 3232 partem
1532 3151 1619 3213 caesi

301 3249 378 3310 sunt
410 3249 443 3310 et
459 3246 594 3329 pedites
623 3245 765 3329 exceptis
795 3245 850 3328 qui
879 3267 912 3309 se
936 3245 1105 3309 tradebant
1132 3249 1189 3309 aut
1212 3245 1268 3309 ubi
1291 3243 1467 3310 Alexandri
1490 3247 1618 3330 equites

300 3344 441 3428 spatium
475 3343 595 3408 dabant
622 3343 799 3428 fugiebant.
846 3347 878 3407 et
904 3343 964 3406 hos
990 3342 1138 3407 Craterus
1167 3344 1329 3426 ceterique
1357 3341 1526 3430 1111111169),
1559 3347 1617 3428 qui

300 3443 335 3506 in
363 3443 510 3506 citeriore
534 3441 697 3525 Hydaspis
720 3443 791 3525 ripa
821 3441 926 3506 relicti
953 3463 1081 3505 amnem
1104 3443 1299 3506 traiecerunt
1323 3442 1517 3526 simulatque
1540 3440 1616 3506 Ale-

299 3542 457 3605 xandrum
481 3540 576 3624 plane
600 3539 756 3604 victorem
780 3543 1017 3625 cognoverunt,
1040 3562 1099 3623 pro
1124 3539 1309 3625 defatigatis
1332 3537 1508 3604 Alexandri
1531 3541 1616 3604 mili-

391 3789 452 3856 165)
471 3787 625 3841 Alexandri
648 3787 723 3840 acies
751 3787 822 3840 haee
844 3785 934 3839 facta:
963 3785 1123 3840 Alexander
1146 3789 1175 3840 et
1198 3785 1318 3853 Coenus,
1345 3803 1464 3856 quorum
1487 3802 1503 3839 a
1526 3787 1613 3855 tergis

300 3875 334 3913 ex
351 3861 509 3912 transverso
528 3857 632 3912 fiumen
651 3860 724 3925 erat,
744 3874 761 3910 1
785 3857 900 3910 sinistra
922 3859 1004 3926 parte
1028 3874 1092 3910 cum
1111 3857 1253 3926 equitibus
1277 3858 1385 3926 hostes,
1405 3860 1434 3911 et
1457 3857 1565 3926 equites
1586 3861 1614 3912 et

299 3931 410 4000 pedites
429 3932 536 3996 tenent,
555 3946 625 3997 quos
648 3929 759 3998 pedites
778 3929 946 3982 Macedones
970 3929 1137 3982 adoriuntur
1160 3946 1177 3982 a
1200 3928 1300 3982 fronte.
1338 3929 1396 3982 iam
1418 3932 1480 3982 tum
1503 3929 1613 3998 pedites

298 4003 383 4056 Indos
402 4001 529 4070 coepisse
547 4015 674 4070 pugnare
692 3999 844 4054 verisimile
864 4002 913 4053 est.
952 4002 1077 4053 ceterum
1096 4001 1172 4068 quod
1187 3999 1298 4053 Curtius
1317 4003 1414 4054 narrat
1432 4001 1450 4054 l.
1466 4001 1484 4054 l.
1502 4006 1613 4067 1111111

299 4073 487 4128 Macedonum
505 4071 615 4140 impetu
632 4071 765 4124 indorum
783 4071 908 4124 mediam
927 4071 1017 4124 aciem
1035 4074 1200 4140 perruptam
1218 4088 1287 4139 esse,
1307 4075 1389 4125 errat.

391 4146 452 4213 166)
471 4143 526 4197 hoc
544 4142 699 4196 Diodorum
723 4145 834 4196 secutus
854 4141 949 4211 (XVII,
965 4145 1036 4211 87,4)
1056 4143 1149 4210 attuli,
1168 4143 1353 4212 nequeenim
1372 4143 1484 4197 finxisse
1502 4143 1614 4197 videtur

299 4216 440 4270 Diodorus
458 4215 505 4268 vel
524 4216 630 4268 auctor.
667 4214 732 4268 vide
751 4213 838 4267 etiam
857 4213 932 4266 Ourt.
943 4213 1015 4281 Vffl,
1032 4219 1117 4281 1431.

392 4289 453 4356 167)
472 4285 584 4358 Curtius
608 4285 729 4339 fortasse
751 4287 828 4338 recte
850 4285 940 4338 tradit
964 4284 999 4337 ab
1018 4284 1178 4339 Alexandro
1196 4287 1258 4338 tum
1276 4285 1415 4356 Agrianos
1434 4289 1463 4340 11
1482 4285 1612 4356 Thraces,

299 4359 400 4413 leviter
423 4360 559 4425 armatos,
581 4356 711 4410 meliores
735 4356 961 4423 concursatione,
986 4372 1072 4424 quam
1095 4356 1250 4410 comminus
1273 4357 1379 4411 milites
1398 4358 1428 4410 in
1447 4357 1612 4427 elephantos

299 4431 439 4484 immissos
463 4445 536 4494 esse3
563 4428 629 4482 vide
652 4429 739 4482 etiam
761 4427 916 4481 Diodorum
939 4427 1029 4496 XVII,
1045 4433 1091 4482 88:
1120 4427 1135 4482 ὁ
1156 4425 1334 4497 Ἀλέξανδρος
1362 4429 1613 4499 μεταπεμψάμενος

300 4503 367 4564 τοὺς
384 4500 500 4566 τοξότας
518 4501 566 4554 καὶ
584 4499 620 4554 τὰ
639 4499 739 4569 ψιλικὰ
756 4508 813 4554 τῶν
830 4498 987 4569 ταγμάτων.

391 4575 452 4642 168)
470 4571 535 4626 ride
555 4570 682 4625 Curtium
700 4571 718 4625 1.
734 4571 752 4626 l.
768 4577 811 4638 28,
831 4576 873 4625 29.

353 4723 359 4735 .
391 4655 452 4721 169)
471 4652 544 4706 falso
563 4651 667 4735 hussen
686 4651 712 4704 H
734 4671 760 4721 p.
779 4657 829 4705 120
853 4651 940 4706 etiarn
958 4651 1152 4706 Ptolemaeum
1175 4653 1310 4707 nominat.
1348 4651 1383 4706 cf.
1404 4669 1477 4722 quae
1501 4653 1536 4706 de
1558 4653 1611 4709 hac

301 4741 332 4779 11
350 4740 408 4778 ram
427 4740 512 4796 supra
531 4741 639 4793 scrrpsr.
