3506 5306
679 363 900 428 ..73-

130 543 254 608 harum
277 543 443 629 regionum
467 542 586 607 liberos
609 541 706 606 indos
730 544 813 606 male
837 542 877 606 ab
892 541 1075 607 Alexandro
1099 565 1167 608 1111
1191 547 1346 627 tractatos
1366 548 1446 628 quot

132 641 269 724 quidem
287 663 343 706 sua
367 645 482 725 sponte
506 661 540 704 se
562 639 779 705 tradidissent.
816 638 889 704 Indi
912 643 1021 705 tamen
1044 641 1175 727 cognita
1198 641 1263 705 iam
1286 641 1447 705 11111111-

131 739 335 824 pugnatione
348 739 556 822 hostiumque
570 738 633 802 hoc
647 740 719 802 loco
735 737 925 802 crudelitate
938 735 1117 802 Eumenem
1132 741 1447 824 appropinquantem

131 859 203 901 non
236 841 502 922 exspectaverunt
534 836 591 900 sed
613 837 776 920 perterriti
809 837 904 901 urbes
927 835 1076 900 hostibus
1105 835 1323 920 relinquentes
1351 836 1448 922 fugae

132 957 168 999 se
193 935 357 1000 dederunt.
404 957 485 1020 quos
509 935 620 999 audito
644 933 827 1000 Alexander
849 934 1002 998 velociter
1033 933 1196 998 insecutus
1225 938 1282 998 est.
1328 956 1448 1019 paucos

131 1037 264 1098 tantum
288 1033 415 1118 assequi
438 1033 531 1098 licuit
554 1055 673 1118 eosque
696 1036 845 1118 aegrotos
870 1031 1041 1116 plerosque
1064 1037 1120 1096 ant
1143 1037 1246 1096 aetate
1269 1033 1379 1097 fessos.
1418 1038 1450 1098 et

132 1131 196 1195 hos
230 1132 305 1215 iam,
337 1131 531 1217 quingentos
564 1131 640 1215 fere,
672 1131 750 1195 11111
782 1130 954 1196 crudeliter
986 1131 1227 1195 trucidaverunt
1250 1129 1449 1195 Macedones.

132 1229 251 1294 deinde
275 1228 414 1316 Sangala
446 1230 566 1294 reversi
591 1229 778 1294 deleverunt
802 1233 835 1293 et
857 1232 1073 1312 vastaverunt,
1105 1230 1270 1314 regionem
1294 1229 1451 1315 11111111-

130 1327 221 1392 beris
245 1333 348 1413 antea,
371 1333 440 1393 tum
465 1327 646 1392 voluntarie
669 1327 854 1392 Alexandro
883 1318 1043 1392 adiunctis
1071 1327 1234 1412 attribuit3
1259 1349 1339 1410 quos
1363 1327 1451 1411 ipsos

130 1426 212 1490 Pori
235 1449 335 1513 regno
359 1427 506 1491 adiunxit
529 1426 714 1510 Porumque
738 1447 811 1490 11111
836 1425 939 1509 copiis
963 1426 1028 1490 suis
1053 1424 1217 1490 incorum
1241 1427 1336 1490 urbes
1361 1426 1452 1489 dimi-

132 1525 187 1604 sit,
211 1524 371 1608 praesidia
395 1525 637 1608 dispositurum.
684 1525 753 1610 ipse
782 1545 855 1588 oum
880 1524 1023 1588 exercitu
1047 1523 1087 1587 ad
1110 1522 1293 1607 Hyphasim
1316 1525 1451 1588 fluvium

132 1624 335 1706 superiorem
358 1645 522 1710 regressus
545 1623 586 1686 ad
600 1623 713 1688 urbem
728 1622 818 1687 venit
837 1622 915 1686 11111
930 1621 1069 1687 validam
1086 1620 1236 1708 (fortasse
1250 1620 1452 1708 Dinanagarl

134 1743 203 1806 quo
228 1721 365 1786 aliarum
389 1743 518 1806 quoque
542 1721 671 1785 urbium
701 1720 914 1808 confugerant
941 1720 1072 1785 incolae.
1119 1720 1275 1784 miserant
1298 1721 1453 1804 oppidani

135 1819 195 1903 qui
219 1819 333 1884 urbem
352 1819 516 1884 traderent
538 1821 616 1906 regi.
653 1819 757 1884 nihilo
780 1824 890 1884 tamen
913 1818 1021 1882 minus
1044 1818 1166 1884 bellum
1190 1819 1360 1904 parabant,
1378 1842 1454 1884 nam

133 1917 254 1981 seditio
278 1922 391 1982 exorta
414 1923 496 2002 erat,
524 1921 562 1981 11
584 1918 641 1982 alii
665 1939 794 1982 omnem
818 1917 954 1981 salntem
978 1916 1012 1980 in
1036 1917 1198 1981 deditione
1222 1918 1362 2000 positam
1386 1940 1455 1981 1111

133 2018 301 2099 putarent,
332 2015 465 2100 plurimi
497 2020 605 2080 autem
629 2015 781 2080 dimicare
812 2017 923 2100 potius
946 2014 1075 2079 vellent.
1122 2016 1250 2098 iamque
1273 2013 1456 2079 Alexander

136 2115 316 2178 exercitum
339 2114 525 2198 adduxerat,
549 2136 622 2180 cum
647 2115 677 2179 ei
701 2115 757 2198 qui
781 2137 814 2178 se
842 2115 911 2201 regi
935 2113 1061 2178 tradere
1085 2115 1265 2178 statuerant
1288 2114 1455 2178 occasione

136 2213 213 2276 data
246 2212 366 2296 apertis
399 2213 502 2298 portis
532 2212 724 2278 Macedonas
757 2213 792 2276 in
824 2213 937 2277 urbem
970 2209 1227 2298 1111111111133)
1280 2211 1354 2275 urbi
1381 2209 1480 2293 Ale-v

136 2309 262 2374 xander
286 2312 441 2396 pepercit,
463 2315 500 2376 11
522 2309 641 2376 malam
669 2311 790 2376 famam
820 2311 911 2396 quasi
936 2309 1075 2374 crudelis
1099 2313 1182 2374 esset
1205 2309 1335 2374 urbium
1359 2333 1456 2394 expu-

134 2411 255 2495 gnator
286 2409 524 2493 populatorque
558 2433 596 2474 ex
630 2408 882 2496 Sangalensibus
915 2409 1028 2473 oooisis
1056 2412 1089 2472 et
1113 2406 1260 2494 Sangalis
1284 2407 1455 2472 destructis

135 2510 265 2590 captam
289 2505 409 2572 deleret
429 2508 721 2593 exstingueretque.
759 2507 865 2572 effecit
885 2507 973 2590 quod
992 2506 1104 2591 voluit,
1125 2507 1316 2589 faciliusque
1340 2507 1456 2570 iamet

135 2603 307 2689 proximae
330 2607 362 2670 et
385 2610 565 2670 ceterarum
591 2628 670 2689 quas
693 2628 865 2693 aggressus
885 2609 934 2670 111
953 2604 1083 2668 urbium
1102 2606 1227 2670 incolae
1246 2608 1455 2670 accesserunt.

226 2702 354 2767 Liberis
375 2702 464 2768 lndis
493 2703 634 2768 subactis
664 2704 787 2768 iamin
812 2701 1174 2788 Βορ111111234)11η1111
1197 2703 1372 2767 finitimum
1400 2703 1455 2766 du-

230 2916 293 2984 233)
313 2913 425 2969 Curtius
449 2913 520 2968 haec
544 2915 614 2968 11111
639 2911 800 2983 probabilia
822 2917 926 2968 narrat.
964 2913 1103 2969 Diodorus
1121 2914 1208 2981 XVII,
1224 2919 1285 2980 91,4
1305 2915 1376 2968 dicit
1393 2917 1456 2969 tan-

135 2989 212 3042 tum:
241 2985 328 3056 ἄλλην
356 2982 385 3040 δ’
407 2985 555 3054 ἀξιόλογον
585 2989 804 3054 πολιορκοῦντος
831 2987 919 3040 αὐτοῦ
947 2986 996 3040 καὶ
1024 2983 1092 3055 μεθ’
1119 2984 1265 3055 ἱκετηρίων
1293 2985 1455 3054 δεηθέντων

135 3067 194 3113 τῶν
214 3055 316 3112 Ἰνδῶν
339 3056 459 3112 ἀπέλυσε
481 3065 537 3111 τῶν
560 3058 702 3112 κινδύνων
728 3057 842 3124 adsocia,
870 3058 1005 3111 Arrianus
1025 3057 1058 3124 V,
1074 3063 1108 3110 24
1127 3075 1239 3127 prorsus
1258 3059 1356 3112 tacuit.
1394 3058 1455 3112 bre-

135 3131 211 3186 viter
233 3145 295 3183 rem
318 3129 348 3182 in
370 3129 532 3183 universum
550 3129 649 3198 tetigit
667 3127 794 3198 Droysen
811 3129 838 3182 H
861 3148 887 3198 p.
905 3134 963 3182 114.
1002 3131 1289 3183 commemoraverunt
1305 3129 1412 3182 Lassen
1430 3129 1456 3182 Π

136 3221 164 3271 p.
182 3205 234 3254 169
254 3202 284 3254 11
302 3200 459 3270 Hertzberg
476 3199 502 3252 H
520 3218 547 3269 p.
563 3205 624 3267 280,
644 3201 693 3268 qui
711 3203 808 3254 tamen
827 3201 897 3254 duas
916 3203 1028 3254 tantum
1047 3217 1151 3269 easque
1168 3200 1355 3254 Cathaeorum
1372 3201 1455 3255 urbes

136 3274 284 3328 noverunt.
323 3273 398 3326 Inter
416 3269 519 3325 liberos
539 3288 606 3326 sane
625 3271 708 3326 Indos
727 3272 917 3327 numerandae
937 3275 1009 3328 sunt.

230 3355 293 3422 234)
317 3353 376 3406 iam
394 3369 479 3420 supra
499 3353 609 3406 ostendi
629 3353 699 3406 duas
717 3369 768 3406 nos
788 3353 891 3406 habere
911 3353 945 3406 de
965 3353 1081 3422 Sopithe
1103 3356 1132 3408 et
1150 3353 1281 3408 Cathaeis
1300 3354 1454 3422 opiniones,

136 3441 225 3478 unam
243 3424 371 3490 Arriani,
395 3423 514 3477 alteram
532 3422 649 3478 Diodori
669 3423 821 3492 Curtiique.
859 3425 1029 3494 posteriores
1048 3427 1134 3492 atque
1153 3426 1223 3479 adeo
1243 3427 1370 3478 auctores
1389 3426 1454 3478 Ale-

136 3497 279 3550 xandrum
297 3496 463 3549 transmisso
482 3495 601 3562 Hyaroti
620 3495 705 3550 fluvio
725 3496 762 3549 ad
779 3495 925 3565 SopIthem
944 3497 1052 3550 venisse
1072 3499 1208 3550 statuunt.
1246 3497 1380 3550 Arrianus
1401 3497 1455 3565 (vel

137 3567 328 3636 Ptolemaeus)
352 3566 387 3621 de
410 3567 494 3620 rebus
517 3566 575 3620 11111
599 3567 673 3621 inter
691 3567 839 3634 Hyarotim
863 3569 892 3621 et
914 3567 1072 3637 Hyphasim
1100 3569 1271 3636 superiorem
1294 3569 1395 3637 gestis,
1419 3568 1454 3621 de

138 3639 257 3708 Sopithe
276 3637 326 3692 illo
345 3640 375 3692 et
392 3637 513 3708 Phegeo,
533 3638 621 3692 altero
641 3637 794 3692 aDiodoro
810 3638 962 3708 Curtioque
981 3641 1197 3693 commemorato
1216 3639 1322 3708 regulo,
1341 3656 1454 3708 prorsus

136 3711 238 3777 tacuit,
262 3711 296 3763 ut
317 3710 437 3776 videtur,
462 3710 538 3778 quod
561 3710 634 3763 nihil
658 3710 726 3764 illae
749 3726 793 3763 res
813 3711 850 3764 ad
868 3709 976 3764 bellum
994 3713 1106 3780 gestum
1124 3711 1312 3780 pertinebant.
1350 3710 1397 3777 VI,
1412 3717 1453 3777 12

139 3784 238 3836 autem
262 3781 395 3835 tradidit:
424 3781 567 3849 Κράτερος
591 3781 622 3834 δὲ
646 3782 721 3852 αύτῷ
741 3823 746 3834 .
763 3824 769 3834 .
787 3824 791 3834 .
811 3780 891 3849 παρὰ
913 3781 965 3851 τὴν
989 3781 1081 3852 ὄχθην
1108 3790 1157 3836 τοῦ
1177 3779 1317 3836 Ὑδάσπου
1344 3781 1396 3850 τὴν
1424 3782 1455 3836 ἐν

140 3853 220 3927 δεξιᾷ
245 3845 308 3922 ἦγε·
335 3851 408 3906 κατὰ
431 3851 463 3906 δὲ
485 3852 537 3922 τὴν
561 3849 658 3920 ἑτέραν
682 3851 774 3922 ὄχθην
789 3849 964 3921 Ἡφαιστίων
986 3853 1144 3923 προύχύιρει
1163 3896 1168 3906 .
1186 3897 1190 3906 .
1208 3897 1213 3906 .
1232 3853 1342 3915 τούτοις
1365 3852 1396 3908 δὲ
1420 3846 1454 3921 ἦν

140 3922 373 3994 παρηγγελμένον
395 3924 433 3986 ὡς
459 3923 575 3994 τάχιστα
602 3923 682 3994 dyas
706 3923 806 3992 ἵναπερ
830 3923 869 3977 τὰ
888 3922 1073 3978 Σωπείθου
1098 3922 1223 3995 βασίλεια
1242 3925 1362 3991 111111
1383 3923 1454 3978 οότω
1531 3951 1533 3956 ’

140 3995 176 4064 τὴ
198 3994 292 4050 πλέων
310 3993 388 4068 τρίτη
407 4013 438 4064 χε
461 3994 551 4070 ἡμέρᾳ
574 3993 715 4066 κατέσχεν,
735 3993 836 4064 ἵναπερ
851 3993 1037 4064 Ἦφαιστιώνί
1057 4015 1087 4050 τε
1109 3997 1157 4050 καὶ
1177 3995 1309 4068 Κρατέρῳ
1333 3995 1453 4050 κατὰτὸ

143 4066 215 4121 αὐτὸ
235 4067 466 4135 στρατοπεδεύειν
485 4067 532 4121 ἐπὶ
550 4075 613 4129 ταῖς
630 4066 784 4135 ἀντιπέραν
804 4065 906 4137 ὄχθαις
923 4065 1104 4136 παρήγγελτο.
1142 4065 1261 4120 alteram
1274 4069 1363 4136 igitur
1376 4067 1455 4120 illam

141 4141 219 4192 certe
243 4139 279 4192 de
298 4137 416 4207 Sopithe
438 4138 526 4192 habet
548 4139 717 4207 opinionem.
756 4141 841 4206 atquc
860 4139 1047 4192 recentiorum
1066 4138 1264 4208 Gunningham
1285 4140 1407 4192 maxime
1425 4140 1455 4191 in

140 4210 218 4263 hunc
236 4210 351 4262 Arriam
371 4208 517 4279 Sopithem
542 4225 615 4278 quac
639 4211 703 4264 aliis
722 4209 791 4264 locis
811 4211 846 4264 de
864 4227 931 4280 rege
949 4210 1026 4264 illius
1045 4211 1167 4264 nominis
1187 4211 1316 4264 audimus
1336 4209 1456 4263 contulit
1553 4207 1555 4213 '

139 4281 154 4334 Ι
173 4299 200 4350 p.
218 4287 270 4335 156
281 4297 323 4349 sq.
361 4283 447 4349 atque
466 4282 535 4334 satis
555 4283 695 4351 sagaciter
713 4299 740 4350 p.
758 4281 968 4335 157Ρ111.Ν11
990 4282 1056 4335 hist.
1067 4281 1139 4348 Vm,
1156 4288 1206 4334 149
1224 4282 1373 4335 historiam
1392 4297 1455 4333 cum

139 4352 234 4406 Curtii
253 4351 427 4420 Diodorique
446 4353 648 4421 Strabonisque
667 4354 774 4406 nuntiis
796 4353 831 4406 de
850 4353 976 4422 Sopithis
995 4354 1111 4407 canibus
1132 4354 1283 4407 coniunxit.
1320 4353 1361 4406 ibi
1380 4353 1456 4405 enim

138 4424 260 4493 legItur:
281 4423 404 4477 ‘indiam
421 4425 532 4493 petenti
550 4423 709 4478 Alexandro
728 4423 832 4493 Magno
849 4441 898 4478 rex
916 4424 1055 4478 Albaniae
1074 4425 1147 4478 dono
1166 4425 1284 4478 dederat
1302 4424 1455 4477 inusitatae

139 4495 350 4565 magnitudinis
369 4512 457 4548 unum
476 4497 616 4566 (canem)’.
653 4513 704 4565 pro
721 4495 882 4549 ‘Albaniae'
899 4495 1095 4566 Cunningham
1114 4497 1261 4565 proposuit
1277 4495 1455 4549 scribendum

140 4582 204 4620 esse
224 4565 402 4634 ‘Labaniae',
422 4583 485 4620 oum
509 4569 585 4636 apud
603 4567 687 4620 Indos
707 4567 772 4620 ‘sal'
795 4566 918 4620 ‘lavana'
939 4569 1138 4621 nominaretur.
1177 4569 1279 4620 scimus
1303 4569 1398 4620 autem
1421 4583 1455 4620 ex

140 4637 281 4692 Strabone
304 4636 356 4691 XV
378 4657 405 4707 p.
423 4643 473 4691 700
501 4639 531 4691 11
558 4655 644 4708 regno
670 4638 795 4707 Sopithis
823 4641 947 4692 montem
974 4639 1061 4692 fuisse
1088 4639 1139 4692 ubi
1163 4639 1205 4692 sal
1228 4638 1359 4692 fodiatur.
1397 4639 1455 4692 iam

136 4708 210 4762 Plin.
225 4708 293 4762 Nat.
308 4709 373 4762 hist.
389 4709 491 4777 XXXI,
508 4715 553 4762 77:
582 4711 659 4762 ‘sunt
683 4712 712 4763 et
734 4713 843 4764 montes
867 4711 957 4763 nativi
981 4709 1061 4777 salis,
1085 4713 1118 4764 nt
1136 4711 1213 4763 Indis
1233 4709 1400 4777 Oromenus,
1424 4711 1454 4763 in

143 4798 200 4850 qno
219 4779 439 4850 lapicidinarum
457 4781 541 4834 modo
561 4781 690 4834 caeditur
707 4797 864 4848 renascens,
883 4782 1032 4850 maiusque
1049 4783 1160 4851 regium
1177 4781 1300 4852 vectigal
1317 4799 1351 4835 ex
1364 4798 1397 4835 1ο
1412 4784 1455 4838 111

1203 4871 1237 4926 6*
