3506 5306
712 336 934 402 ..75-

159 508 278 598 xiim)
308 515 480 597 opulentae
489 518 582 578 erant
592 515 687 579 urbes
697 519 729 579 et
738 537 874 602 magnae
889 519 921 579 et
935 516 1059 580 incolae
1073 517 1291 602 singularibus
1305 518 1476 584 utebantur

159 608 374 697 moribus.²³⁶)
420 612 579 695 imprimis
603 613 853 697 pulchritudinis
881 618 972 677 erant
1000 615 1144 678 studiosi.
1190 615 1310 680 liberos
1333 639 1400 680 non
1423 639 1475 700 pa·

160 713 293 772 rentum
318 710 452 774 arbitrio
476 711 634 776 tollebant
657 711 849 796 alebantque
873 711 928 776 sed
956 733 1077 796 eorum,
1101 713 1217 796 quibus
1242 715 1409 798 spectandi
1432 717 1478 779 in-

158 807 304 872 fantium
327 809 458 874 habitus
482 831 559 875 cura
582 813 650 874 erat
678 810 806 894 publico
829 808 1044 897 mandatam)
1090 811 1182 895 pueri
1205 813 1291 876 anim
1314 813 1378 877 nisi
1401 817 1479 897 apta

160 906 309 990 corporis
333 910 409 990 post
432 907 569 972 alterum
592 929 735 973 mensem
758 909 862 973 forma
881 907 1050 972 videbatur
1067 908 1327 998 necabantur.²³⁸)
1351 912 1477 996 nuptiis

157 1025 232 1068 non
255 1002 454 1092 coibant²³⁹),
485 1007 549 1071 nisi
582 1009 682 1072 electa
715 1028 885 1091 corporum
914 1007 1027 1090 specie.
1073 1007 1230 1073 luxuriosi
1256 1009 1353 1074 etiam
1378 1015 1477 1094 erant,

159 1123 238 1166 cum
262 1103 378 1168 divitas
401 1102 581 1192 essent²⁴⁰);
600 1106 764 1171 venationi
784 1127 914 1190 operam
933 1105 1053 1171 dabant
1076 1107 1209 1173 nobiles.
1246 1107 1353 1172 Huius
1376 1108 1478 1193 igitur

162 1201 278 1284 populi
302 1201 382 1267 fines
405 1200 588 1268 Alexander
610 1226 783 1289 peragrans
812 1204 852 1268 ad
880 1207 977 1288 caput
1000 1204 1142 1290 regionis
1166 1206 1264 1290 venit,
1287 1205 1418 1292 Kangra
1441 1211 1478 1270 ut

160 1299 299 1383 videtur,
332 1301 419 1385 quod
447 1301 517 1386 ipse
542 1300 695 1386 Sopithes
723 1303 854 1367 tenebat
882 1323 1020 1386 cumque
1052 1305 1351 1388 appropinquarent
1373 1304 1477 1369 Maca·
1574 1297 1577 1304 ’

158 1397 263 1462 donas
287 1420 383 1462 nemo
406 1422 543 1485 usquam
567 1401 601 1464 in
623 1423 715 1466 muro
739 1404 796 1465 ant
818 1405 893 1466 ante
911 1423 1040 1466 murum
1054 1406 1196 1467 armatus
1212 1403 1477 1486 conspiciebatur.

158 1500 276 1580 portae
300 1498 469 1562 conclusae
493 1498 684 1564 videbantur
711 1504 744 1564 et
771 1499 896 1564 incolae
924 1499 1035 1564 urbem
1064 1499 1240 1565 deseruisse
1264 1504 1321 1565 ant
1344 1502 1476 1567 insidias

159 1594 288 1678 aliquas
312 1595 501 1661 instituisse.
539 1618 636 1681 quare
660 1598 786 1662 cautius
800 1595 984 1662 Alexander
998 1598 1175 1663 exereitum
1189 1598 1331 1663 adduxit.
1373 1623 1477 1684 nequa

159 1694 278 1777 procul
301 1694 341 1757 ab
365 1694 444 1758 urbe
468 1698 545 1779 erat,
568 1716 641 1775 cum
664 1700 759 1780 porta
781 1719 846 1760 una
868 1696 993 1761 reclusa
1012 1693 1164 1780 Sopithes
1178 1696 1247 1780 ipse
1262 1717 1336 1761 cum
1351 1697 1476 1763 duobus

158 1791 240 1857 filiis
272 1791 391 1857 adultis
427 1793 603 1878 multisque
634 1795 727 1881 regni
750 1794 801 1859 sui
828 1793 993 1859 nobilibus
1017 1795 1096 1858 viris
1120 1799 1236 1860 ornatu
1258 1794 1476 1878 pulcherrimo

160 1895 315 1974 vesteque
339 1893 539 1976 amplissima
561 1893 694 1957 indutus
718 1914 800 1977 quaa
823 1893 921 1957 etiam
945 1913 1039 1957 crura
1061 1893 1189 1958 velabat
1213 1891 1397 1959 Alexandro
1422 1895 1477 1960 ob-

159 1990 248 2052 viam
281 1990 328 2054 iit.
375 1995 537 2076 sceptrum
570 2013 702 2056 aureum
734 1990 866 2075 beryllis
900 1991 1089 2056 distinctum
1117 1989 1303 2056 Alexandro
1331 1993 1475 2058 salutans

161 2087 296 2154 tradidit
319 2093 418 2173 utque
442 2112 553 2175 sospes
577 2089 736 2174 acciperet
758 2093 908 2174 precatus
932 2111 965 2154 se
988 2089 1172 2173 liberosque
1196 2094 1228 2155 et
1247 2093 1376 2174 gentem
1399 2091 1476 2156 fidei

159 2256 311 2324 Hyarotim
329 2259 358 2310 et
375 2256 474 2310 urbem
492 2255 683 2310 Kattksha=
694 2256 781 2310 Ketas
800 2256 840 2310 cis
859 2256 1029 2325 Hydaspem.
1067 2255 1134 2309 licat
1153 2257 1240 2310 etiam
1254 2256 1388 2310 Pororum
1406 2258 1475 2311 duo-

159 2346 224 2384 rum
246 2328 417 2382 mentionem
439 2327 540 2382 faeere.
577 2327 697 2382 fortasse
720 2327 848 2395 Ξάθροι,
876 2345 946 2395 quos
970 2327 1105 2382 Arrianus
1129 2331 1329 2382 commemorat
1347 2328 1398 2396 VI,
1414 2335 1473 2396 15‚1

160 2416 195 2453 oo
214 2399 273 2452 fera
291 2399 353 2453 loco
372 2399 534 2454 habitantes
552 2399 603 2453 ubi
617 2399 750 2453 Acesines
769 2400 799 2453 in
813 2399 914 2453 Indum
932 2398 1034 2465 influit,
1054 2399 1152 2453 eodem
1166 2400 1279 2453 nomino
1293 2400 1476 2470 appellantur

160 2474 249 2538 atque
268 2470 397 2526 Κάθαιοι
420 2470 455 2526 cf.
471 2471 576 2524 Lassen
593 2470 620 2523 11
644 2489 671 2540 p.
689 2475 747 2524 167.
785 2470 921 2524 habemus
944 2471 1033 2539 igItur
1051 2470 1127 2524 intra
1144 2470 1246 2524 indum
1264 2472 1293 2524 at
1311 2471 1475 2540 Hydaspem

160 2545 201 2612 (et
219 2545 298 2596 trans
316 2542 489 2612 Hydaspem)
509 2541 654 2612 Sopithem
673 2542 789 2610 eiusque
807 2541 914 2595 incolas
935 2541 1086 2608 cathaeos,
1105 2543 1134 2595 et
1157 2541 1232 2596 inter
1250 2541 1398 2610 Hyarotim
1416 2543 1474 2612 Hy·

160 2614 330 2683 phasimque
348 2613 447 2667 fluvios
471 2614 627 2683 superiores
647 2613 793 2684 Sopithem
819 2613 939 2667 alterum
962 2613 1078 2681 eiusque
1101 2613 1209 2667 incolas
1229 2614 1406 2668 Gandaridas
1429 2614 1475 2668 vel

160 2685 304 2754 Kaikayos
322 2685 368 2739 vel
386 2684 533 2752 cathaeos,
553 2687 582 2739 et
601 2685 724 2739 diversos
744 2685 780 2738 ab
799 2684 856 2739 illis
876 2684 1001 2754 Sopithis
1021 2684 1152 2738 Sathaeis
1167 2684 1306 2739 Sathaeos
1325 2686 1428 2740 liberos
1439 2713 1473 2732 =

160 2757 282 2811 ssattia
304 2756 380 2812 inter
397 2757 547 2825 Hyarotim
570 2760 599 2811 et
616 2757 713 2826 Beyah
731 2756 838 2810 medios
857 2755 964 2810 fluvios.
1001 2756 1068 2810 inde
1087 2755 1230 2811 dubitatio
1249 2756 1395 2812 Strabonis
1421 2757 1439 2811 l.
1454 2757 1472 2812 l.

161 2831 288 2884 ceterum
307 2829 342 2883 da
360 2829 432 2883 Poro
451 2829 501 2882 illo
520 2828 610 2882 altero
629 2827 670 2882 nil
689 2829 746 2882 iam
766 2827 887 2882 auditur.

251 2903 314 2970 236)
337 2902 455 2954 narrant
478 2900 549 2954 haec
568 2899 681 2954 Curtius
705 2901 790 2967 atque
808 2898 948 2954 Diodorus
967 2901 996 2953 et
1035 2900 1119 2954 artim
1138 2899 1268 2970 congruit
1287 2899 1395 2954 Strabo.
1433 2901 1473 2954 vi-

161 2972 319 3040 denturque
342 2973 449 3042 priores
474 2988 508 3025 ex
531 2971 630 3025 eodem
648 2971 726 3026 fonte
745 2971 835 3040 primo
854 2971 994 3025 hausisse:
1014 2919 1164 3025 SIItarcho.
1203 2971 1303 3024 Strabo
1322 2987 1356 3025 ex
1375 2970 1473 3025 Onesi-

161 3043 231 3097 crito
251 3043 393 3128 decerpsit
418 3043 453 3097 cf.
473 3042 526 3126 XV.
542 3061 569 3112 p.
586 3047 690 3109 699,30.
728 3058 847 3124 eumque
867 3042 979 3096 Curtius
998 3045 1028 3096 et
1045 3042 1184 3096 Diodorus
1203 3045 1335 3124 separent
1353 3042 1473 3097 Cathae-

160 3113 1283 3270 ussasmtetaa?sistittristitiarum
1301 3130 1473 3255 usare

159 3257 544 3384 astrueremus
560 3256 1472 3383 trah:charitativius.amane

160 3400 178 3454 l.
193 3400 211 3454 l.
227 3401 263 3454 de
278 3399 410 3455 (lethaeis
430 3401 512 3455 addit
531 3399 605 3455 lilaea
624 3398 654 3455 ss
673 3410 728 3454 τῶν
743 3397 883 3454 Kastolos
902 3401 1052 3454 καὶτοῦτο
1072 3399 1220 3469 ἱστορεῖται
1244 3402 1307 3469 (vox
1330 3402 1472 3469 postrema

160 3473 270 3526 indicat
288 3489 323 3526 ex
341 3472 398 3526 alio
418 3473 554 3542 scriptore
572 3487 607 3526 ea
625 3487 698 3540 quae
717 3472 889 3525 antecedunt
907 3487 967 3525 esso
985 3472 1111 3541 hausta);
1131 3487 1303 3540 quamquam
1322 3471 1352 3524 in
1369 3471 1423 3525 hac
1441 3487 1472 3526 ro

161 3543 257 3598 differt
280 3545 316 3598 ab
334 3542 471 3612 Diodoro,
495 3543 571 3612 quod
594 3543 630 3596 da
652 3543 761 3612 nuptiis
780 3541 980 3609 Sathaeorum‚
999 3543 1139 3597 Diodorus
1163 3543 1198 3596 de
1221 3543 1347 3612 Sopithis
1370 3543 1470 3596 incolis

160 3615 247 3670 refert
269 3616 389 3670 fortasse
412 3615 524 3674 rectius.
562 3617 686 3668 ceterum
708 3615 795 3668 etiam
813 3613 925 3668 Arriani
949 3617 1046 3668 auctor
1072 3614 1144 3668 alter
1166 3613 1344 3668 Aristobulus
1368 3614 1403 3668 de
1423 3613 1471 3668 So·

160 3687 240 3756 pIthe
268 3687 344 3740 intra
366 3687 514 3756 Hyarotim
542 3688 571 3740 et
593 3685 751 3755 Hyphasim
778 3685 876 3740 fluvios
902 3685 1050 3740 habitante
1073 3685 1184 3740 videtur
1207 3685 1358 3739 rettulisse.
1396 3687 1471 3738 certe

160 3757 233 3812 Plut.
249 3759 285 3812 de
303 3757 367 3812 nob.
383 3775 405 3812 ο.
422 3764 455 3812 19
475 3760 572 3812 nanat
585 3756 780 3811 Aristobulum
799 3757 944 3826 scripsisse
959 3754 1098 3819 Ἰνδικοὺς
1116 3756 1204 3818 κύνας
1218 3759 1311 3825 δῶρον
1324 3754 1471 3826 πεμφθέν-

160 3849 209 3892 τας
225 3828 394 3903 Ἀλεξάνδρῳ
414 3872 420 3884 .
437 3875 442 3885 .
459 3872 464 3882 .
484 3829 554 3898 πρὸς
576 3827 627 3898 μὲν
650 3829 716 3891 τοὺς
738 3826 854 3899 ἀγρίους
876 3828 998 3896 ταύρους
1020 3829 1068 3881 καὶ
1092 3828 1166 3896 ὀρεῖς
1188 3827 1330 3896 deposce
1348 3829 1471 3899 προβαλ-

160 3900 294 3992 λομένους
312 3900 464 3969 ἀκινήτους
482 3904 678 3966 κατακεῖσθαι,
697 3899 767 3968 τιρὸς
785 3900 817 3954 dt
835 3899 885 3954 τὸυ
904 3897 1067 3969 εἰσηγμένου
1086 3898 1185 3954 istoru
1205 3899 1417 3968 ἐκθορήσαυτας
1431 3898 1471 3961 εἰς

159 3993 252 4044 puppe
271 3970 445 4042 direptionibus
464 3971 509 4042 (cf.
524 3972 606 4027 Diod.
621 3971 706 4038 XVII,
722 3977 763 4030 92.
797 3970 868 4025 Plin.
884 3970 955 4039 Vm,
973 3973 1042 4040 149).

250 4046 312 4114 236)
331 4045 436 4098 Lassen
454 4045 480 4096 II
498 4063 525 4113 p.
542 4049 593 4098 170
616 4043 707 4112 magis
730 4043 781 4096 hos
805 4042 919 4096 nuntios
939 4043 976 4095 ad
995 4041 1134 4096 Sathaeos
1153 4042 1314 4096 referendos
1333 4059 1393 4096 asse
1413 4041 1470 4096 exi·

159 4117 297 4170 stimavit:
326 4117 406 4170 cuius
424 4119 520 4170 tamen
538 4116 661 4169 rationes
680 4115 750 4168 mihi
768 4131 824 4168 nen
848 4113 1003 4179 sufficiunt,
1022 4115 1055 4167 ut
1078 4113 1206 4167 diffidam
1224 4112 1361 4182 Diodoro,
1387 4113 1470 4166 claris

158 4187 251 4242 verbis
270 4188 306 4241 de
325 4187 450 4256 Sopithis
468 4186 573 4257 populo
592 4186 732 4240 referenti.
769 4202 861 4254 neque
875 4185 1105 4253 obliviscendum,
1120 4185 1246 4255 Sopithis
1260 4184 1367 4240 incolas
1382 4185 1470 4239 tuisse

160 4258 293 4314 Cathaais
312 4259 427 4325 vicinos,
447 4275 565 4327 quorum
583 4257 668 4312 facile
687 4273 776 4312 mores
796 4259 930 4328 poterant
948 4256 1063 4311 imitari.

250 4333 313 4400 aar)
332 4330 367 4384 of.
383 4330 458 4385 curt.
473 4330 520 4397 111,
536 4335 605 4399 ras.

248 4405 311 4471 238)
331 4401 365 4456 cf.
380 4402 480 4456 Strabo
495 4401 546 4455 XV
560 4421 587 4471 p.
598 4407 695 4467 699,30
713 4401 795 4454 Diod.
805 4400 891 4467 XVII,
901 4406 962 4469 91‚5
982 4399 1056 4453 Gurt.
1067 4399 1114 4466 IX,
1126 4405 1194 4465 135.
1232 4398 1308 4468 quod
1322 4401 1469 4468 praeterea

157 4476 255 4528 narrat
274 4473 387 4528 Strabo:
407 4470 520 4544 βασιλέα
539 4492 567 4526 τε
586 4473 639 4541 γὰρ
658 4473 708 4527 τὸν
727 4471 872 4526 κάλλιστον
896 4468 1040 4539 αἱρεῖσθαί
1059 4487 1145 4540 φησιν
1160 4468 1350 4540 Ὀνησίκριτος
1368 4471 1414 4524 vix
1433 4471 1468 4523 de

159 4544 284 4615 Sopithis
307 4545 412 4615 populo
436 4545 493 4598 dici
516 4561 598 4614 posse
620 4544 738 4598 videtur.
774 4545 851 4597 recte
873 4543 993 4597 fortasse
1015 4543 1070 4596 hac
1093 4543 1128 4596 de
1151 4558 1181 4596 re
1204 4541 1341 4596 iudicavit
1364 4542 1468 4596 Lassen

160 4633 243 4685 quem
261 4617 358 4671 rideas
378 4632 482 4686 quaeso
501 4615 527 4668 H
545 4634 572 4685 p.
589 4621 648 4669 111.

248 4690 311 4756 239)
331 4688 365 4751 cf„
386 4687 460 4742 Gurt.
476 4687 523 4754 IX,
539 4693 606 4755 136.
644 4686 726 4740 Diod.
741 4685 826 4752 XVII,
842 4691 910 4749 91,e.

248 4763 310 4834 240)
329 4759 394 4814 vide
413 4759 488 4814 enim
506 4775 561 4827 quo
580 4761 681 4812 ornatu
699 4757 807 4812 incedit
826 4756 956 4826 Sopithes
975 4756 1037 4826 ipae
1056 4757 1133 4826 apud
1152 4755 1286 4812 curtium.
