3506 5306
861 329 1084 394 ..68-

318 506 551 595 supersues),
583 529 620 572 ac
651 507 820 592 plerasque
849 529 930 591 quos
960 507 1024 571 iam
1048 529 1219 593 aggressus
1248 511 1297 572 est
1320 511 1442 593 gentes,
1465 506 1627 571 deditione
1741 513 1742 522 ’

317 608 453 692 recepit3
476 605 647 670 nonnullas
671 605 768 670 etiam
788 607 885 670 armis
900 606 1029 670 obviam
1044 608 1165 690 euntes,
1187 605 1349 691 fugientes
1368 605 1448 671 alias
1471 605 1505 669 in
1529 603 1626 670 dicio-

316 728 390 771 nem
417 704 555 791 redegit3
583 725 719 788 cumque
741 704 945 768 nuntiaretur
971 703 1145 768 liberorum
1173 702 1326 768 Indorum
1349 705 1496 790 regiones
1520 701 1628 768 colen·
1741 747 1742 792 3

317 805 399 867 tium
422 802 531 887 paullo
556 801 830 866 meridionaliores
860 803 943 866 circa
966 799 1109 866 landiala
1137 805 1170 866 et
1193 803 1351 866 Amritsar
1373 802 1467 866 urbes
1491 800 1572 866 alios
1596 803 1629 864 et
1741 817 1742 834 ¹

318 901 476 966 Gathaeos
499 900 670 985 praecipue
693 897 905 986 defecissem)
929 904 962 964 et
984 922 1098 984 parare
1125 922 1267 987 pugnam
1292 901 1319 964 si
1343 899 1524 964 Alexander
1548 899 1628 982 ipsis
1741 897 1742 918 ³

317 1001 501 1064 admoveret
528 1020 632 1083 neque
660 1020 725 1063 non
753 998 909 1063 finitimos
933 998 1125 1083 eosdemque
1153 998 1272 1064 liberos
1296 998 1435 1082 populos
1458 1002 1495 1062 ut
1518 1017 1628 1062 secum

319 1099 504 1164 resisterent
527 1119 592 1161 una
615 1096 814 1180 sollicitasse,
827 1135 872 1144 -
886 1119 986 1180 aeque
1010 1097 1110 1162 fortes
1133 1097 1322 1162 dicebantur
1341 1119 1409 1161 esse
1434 1093 1628 1182 cethaeum)
1741 1149 1742 1160 .

317 1201 415 1281 atque
443 1194 629 1279 Oxydracae
656 1198 689 1259 et
711 1195 816 1280 Malli,
842 1195 955 1280 populi
984 1195 1170 1280 fortissimi,
1198 1217 1278 1280 quos
1306 1217 1346 1259 ne
1370 1195 1474 1259 Porus
1497 1194 1628 1278 quidem
1741 1257 1742 1268 ,

319 1299 352 1360 et
374 1293 550 1358 Abhisares
582 1294 727 1377 ipsorum
760 1294 941 1358 coniunctis
975 1293 1076 1377 copiis
1109 1297 1141 1356 et
1173 1292 1327 1357 Indorum
1351 1293 1424 1356 aliis
1448 1292 1629 1376 adsumptis

319 1396 493 1477 potuerant
516 1391 676 1456 debellare
699 1429 743 1439 -—
766 1391 801 1455 in
824 1391 899 1457 illos
922 1393 987 1456 iam
1011 1390 1192 1456 Alexander
1215 1393 1391 1456 exercitum
1415 1391 1516 1455 duxit.

406 1490 552 1555 Primum
576 1490 610 1554 in
633 1487 850 1575 Cathaeos²1⁹)
879 1512 1054 1574 eorumque
1077 1490 1190 1554 urbem
1212 1489 1464 1554 munitissimam
1489 1487 1629 1574 Sangala
1741 1561 1742 1564 Ἴ

319 1590 360 1654 ad
388 1611 485 1674 quam
514 1610 568 1654 eos
592 1590 674 1653 velle
703 1609 776 1653 cum
800 1587 984 1653 Alexandro
1012 1611 1156 1675 pugnare
1184 1588 1369 1653 nuntiatum
1393 1591 1470 1672 erat,
1498 1591 1629 1652 conten-

406 1766 468 1834 216)
488 1765 525 1817 ad
544 1763 716 1833 ‘Hyarotim’
736 1764 844 1818 venisse
863 1780 958 1834 regem
976 1764 1097 1818 tradidit
1116 1763 1227 1818 Curtius
1246 1763 1292 1830 IX,
1308 1770 1377 1831 1,13,
1397 1763 1447 1818 sed
1466 1765 1630 1832 superatum

316 1854 381 1890 eum
399 1853 460 1890 esse
479 1852 496 1889 a
514 1835 717 1890 Macedonibus
736 1835 841 1890 oblitus
860 1837 903 1890 est
922 1836 1023 1902 dicere,
1043 1852 1215 1904 quamquam
1230 1835 1276 1902 lx,
1293 1842 1352 1903 1‚35
1372 1835 1497 1904 scripsit:
1519 1834 1629 1888 ‘relicto

315 1909 404 1978 igitur
423 1907 540 1976 Sopithe
558 1907 588 1959 in
607 1924 657 1961 suo
680 1924 767 1977 regno
791 1907 828 1961 ad
846 1906 962 1960 fluvium
980 1907 1109 1976 Hypasin
1127 1907 1284 1976 processit'.
1322 1907 1460 1960 Diodorus
1479 1923 1536 1959 non
1556 1922 1629 1959 com·
1741 1915 1742 1918 ’

316 1979 481 2033 memoravit
508 1978 621 2033 omnino
647 1978 808 2047 Hyarotim,
836 1979 886 2032 sed
908 1978 997 2045 xvh,
1018 1983 1051 2032 93
1081 1978 1126 2032 ἐπὶ
1153 1978 1203 2032 τόν
1224 1975 1344 2032 ’Ἦτανιν
1371 1986 1495 2047 προῆγεν
1523 1979 1629 2030 narrat.
1740 2021 1741 2046 Ξ

317 2055 441 2105 ceterum
460 2050 560 2104 Strabo
579 2066 691 2118 quoque
704 2049 840 2118 Ὓάρωτιν
858 2050 994 2116 nominat,
1020 2050 1104 2104 hodie
1123 2049 1203 2102 Itawi
1221 2049 1266 2102 vel
1283 2049 1387 2104 Iraeoti
1406 2051 1496 2118 (vetus
1514 2048 1629 2115 iravati)
1740 2047 1741 2070 l

316 2125 444 2188 vocatur,
471 2125 504 2175 ut
532 2121 637 2190 optime
665 2121 777 2175 Arriani
807 2124 934 2175 auctores
963 2137 1027 2174 eum
1046 2119 1205 2190 Ὑδραώτην
1231 2120 1443 2190 appellaverint.
1486 2119 1630 2190 superavit

317 2197 411 2248 autem
430 2193 534 2246 flumen
548 2192 708 2246 Alexander
725 2192 787 2246 loco
806 2193 880 2246 inter
893 2191 1050 2246 Naina-kot
1068 2195 1097 2246 et
1112 2191 1277 2262 Gurdaspur
1295 2193 1378 2246 urbes
1398 2192 1461 2259 sito,
1479 2191 1530 2244 ubi
1545 2190 1629 2245 hodie

318 2281 430 2334 quoque
448 2268 596 2318 transeunt
614 2264 685 2317 Indi.

388 2340 452 2408 217)
475 2352 509 2389 ex
532 2351 564 2389 eo
589 2336 664 2403 quod
683 2335 819 2389 Arrianus
838 2336 871 2403 V,
887 2341 948 2402 24,6
972 2335 1071 2390 scribit
1098 2327 1363 2404 ξυναφεστώσας
1387 2343 1447 2396 τοῖς
1470 2333 1630 2404 Σαγγάλοις
1741 2341 1742 2368 ³

316 2407 421 2474 elucet,
444 2407 496 2461 hos
519 2406 605 2460 fuisse
629 2407 703 2460 inter
728 2423 775 2460 eos
799 2407 848 2475 qui
872 2409 956 2460 antea
977 2407 1087 2477 legatos
1111 2407 1148 2459 ad
1167 2405 1357 2461 Alexandrum
1383 2407 1461 2460 trans
1480 2405 1629 2459 Acesinem

316 2480 458 2533 miserant.
497 2478 580 2532 aliter
597 2494 689 2546 neque
708 2480 803 2532 tamen
821 2481 898 2532 recte
916 2479 1026 2533 iudicat
1039 2477 1137 2532 Leuius
1156 2497 1183 2547 p.
1199 2483 1233 2531 48
1255 2479 1386 2547 ‘apparet
1404 2494 1460 2545 quo
1480 2476 1628 2546 superbiae

316 2550 469 2604 Alexandri
489 2549 621 2618 aequales
641 2549 782 2619 progressi
800 2549 906 2604 i'uerint
920 2550 969 2618 qui
982 2549 1110 2612 homines
1124 2549 1227 2603 liberos
1241 2549 1403 2604 libertatem
1417 2549 1628 2618 propugnantes

316 2639 372 2676 nou
391 2624 451 2676 tam
469 2639 519 2691 pro
539 2621 667 2675 hostibus
686 2637 772 2690 quam
790 2638 841 2690 pro
860 2621 1012 2675 rebellibus
1031 2621 1189 2675 haberent’.

406 2695 468 2762 218)
488 2693 529 2746 ita
547 2692 761 2762 interpretanda
780 2709 840 2746 esse
859 2693 944 2746 verba
958 2693 1070 2746 Arriani
1083 2692 1117 2759 V,
1129 2699 1188 2760 22,2
1208 2693 1257 2747 καὶ
1275 2692 1392 2754 τούτους
1410 2690 1483 2746 κατὰ
1501 2689 1537 2745 τὰ
1558 2688 1627 2744 αὐτὰ

317 2765 375 2818 scil.
396 2761 554 2832 ἐνομίζοντο
582 2764 639 2818 iam
668 2763 775 2817 dudum
802 2763 940 2834 philologi
963 2763 1118 2833 Raphelius
1146 2767 1175 2818 et
1199 2763 1353 2818 Gronovius
1379 2762 1579 2818 intellexerant
1602 2763 1629 2814 et

317 2837 511 2890 Schmiederus
529 2835 745 2904 Kruegerusque
768 2837 954 2904 probaverant
976 2838 1009 2889 ut
1028 2836 1097 2890 satis
1115 2835 1200 2890 mirer
1218 2835 1403 2890 Lefmannum
1426 2850 1539 2903 quoque
1564 2833 1628 2887 scri-

316 2907 394 2961 bere:
423 2906 554 2978 liutprant
576 2907 828 2977 arrogaretur)
852 2908 905 2963 aab
924 2907 1062 2976 litoteta)
1086 2907 1138 2963 aab
1162 2907 1293 2976 aeterua)
1318 2907 1408 2978 tedet
1426 2905 1470 2976 lida
1490 2905 1628 2962 oerbtotet

316 2979 370 3035 aab
389 2979 444 3050 ihre
463 2977 640 3048 mercaret
658 2978 687 3033 io
706 2979 746 3033 tie
764 2978 821 3048 iste
839 2979 993 3061 pouptitatt
1011 2978 1135 3048 &angelo
1155 2979 1290 3050 pernostra.

406 3053 468 3120 219)
488 3049 616 3104 Kairatos
635 3049 684 3117 qui
703 3066 720 3102 a
739 3048 852 3103 Graecis
871 3049 1013 3103 histoncis
1032 3052 1285 3104 commemorantur
1307 3051 1337 3102 et
1354 3047 1403 3117 qui
1426 3047 1511 3102 hodie
1531 3047 1628 3102 Kattia
1739 3045 1741 3072 r

317 3122 450 3175 dicuntur
477 3120 576 3190 populi
600 3120 675 3174 circa
693 3120 950 3190 Kshandrabhaga‚
973 3121 1089 3188 iraeoti,
1110 3121 1234 3186 Catadru
1256 3120 1354 3174 fluvios
1377 3119 1523 3174 inferiores
1550 3118 1627 3173 habi·

316 3196 410 3247 tantes
434 3192 674 3246 iidemvidentur
692 3191 825 3246 Lasscnio
845 3208 906 3246 esse
924 3192 950 3244 H
973 3211 1000 3261 p.
1018 3198 1067 3245 167
1088 3192 1150 3247 of.1
1168 3211 1196 3261 p.
1214 3197 1263 3246 127
1284 3193 1380 3246 adut
1408 3210 1435 3261 p.
1453 3195 1503 3244 782
1523 3192 1588 3244 adn.
1605 3195 1626 3242 1.
1739 3237 1740 3264 3

317 3265 457 3319 derivavit
474 3280 576 3318 nomen
602 3264 637 3317 de
655 3263 752 3317 Indico
771 3264 859 3318 Xatri.
898 3266 984 3332 atque
1003 3263 1101 3317 eodem
1119 3263 1232 3317 Arriani
1250 3263 1388 3331 Ξάθροος
1411 3262 1523 3332 putavit
1543 3260 1626 3332 perti·

316 3353 395 3404 nere,
419 3335 468 3404 qui
492 3351 539 3389 eos
563 3335 639 3388 oiroa
657 3334 805 3389 Acesinem
828 3337 906 3388 ratus
930 3338 973 3388 est
998 3334 1127 3389 habitare
1146 3335 1311 3404 priusquam
1329 3335 1359 3388 in
1377 3334 1479 3388 Indum
1497 3332 1625 3388 deomrit.

317 3411 403 3477 atque
432 3409 486 3461 hoc
514 3406 629 3474 quidem
656 3424 803 3476 possumus
827 3406 979 3460 concedere
998 3406 1144 3472 Lasseni0‚
1167 3407 1282 3460 nomina
1306 3421 1366 3460 esse
1385 3406 1497 3474 eadem3
1526 3403 1627 3459 erravit

316 3483 412 3534 tamen
432 3497 496 3532 cum
511 3477 648 3532 Cathaeos
663 3477 816 3532 Alexandri
834 3477 1008 3546 temporibus
1028 3480 1258 3532 commemoratos
1277 3478 1351 3531 inter
1368 3477 1467 3531 fluvios
1481 3475 1626 3546 Hyarotim

317 3553 346 3604 et
368 3550 526 3620 Hyphasim
553 3549 699 3604 inferiores
727 3551 843 3603 conetur
865 3549 1044 3618 investigare.
1086 3549 1121 3604 ef.
1141 3549 1243 3614 Kressa,
1268 3549 1316 3604 aaa
1340 3549 1392 3604 alte
1415 3547 1518 3616 Satist
1537 3567 1565 3618 p.
1585 3550 1624 3600 60.

317 3621 477 3676 Alexander
505 3623 600 3674 autem
627 3621 704 3674 venit
732 3621 769 3674 ad
796 3620 954 3690 Hyphasim
981 3619 1097 3673 fluvium
1125 3623 1174 3674 ant
1201 3621 1366 3690 priusquam
1393 3619 1442 3673 ille
1470 3619 1626 3688 Hcsydrum

317 3693 459 3765 (Qatadru,
475 3692 574 3762 Satlej)
592 3691 738 3762 receperit,
758 3694 808 3745 aut
823 3691 966 3760 Hyphasis
984 3694 1046 3744 tum
1064 3692 1177 3745 omnino
1195 3709 1252 3746 non
1270 3691 1408 3745 influebat
1425 3691 1455 3744 in
1470 3690 1625 3760 Hcsydrum

318 3765 420 3818 sedin
442 3763 591 3834 Hyarotim
615 3763 649 3817 of.
665 3764 725 3816 Arr.
740 3763 799 3816 Ind.
815 3768 871 3830 4‚8‚
899 3762 962 3816 aliis
989 3763 1163 3832 temporibus
1186 3763 1217 3816 in
1239 3763 1388 3816 Acesinem
1410 3761 1571 3816 inferiorem
1593 3763 1624 3830 (v.
1739 3753 1740 3772 ³

318 3836 405 3890 chart.
420 3835 446 3888 V
465 3835 641 3906 Cunningh).
679 3833 787 3888 Plinius
806 3837 881 3888 certe
899 3833 933 3887 N.
949 3834 982 3887 H.
997 3834 1044 3902 VI,
1059 3841 1092 3889 21
1111 3834 1243 3888 tradidit:
1264 3834 1313 3888 ‘ad
1331 3833 1495 3902 Hydaspem
1513 3833 1642 3888 fluvium·

317 3925 424 3979 clarum
443 3913 516 3978 0711?
534 3925 571 3978 ad
588 3924 747 3994 Hyphasim
765 3941 821 3978 non
838 3923 1036 3994 ignobiliorem
1057 3923 1246 3978 CCCLXXXX
1260 3951 1294 3968 =
1311 3911 1407 3996 γῑΧῙΙ
1426 3911 1486 3990 ῘΠῙ,
1506 3923 1556 3991 qui
1574 3920 1625 3974 furt

317 3996 470 4050 Alexandri
488 3996 621 4050 itinerum
639 3996 775 4050 terminus
795 4039 800 4048 .
818 4039 823 4048 .
841 4039 845 4048 .
865 3995 976 4064 reliqua
999 3995 1079 4049 inde
1099 3994 1214 4049 Seleuco
1233 3994 1361 4048 Nicatori
1380 3997 1531 4064 peragrata
1551 3994 1624 4048 sunt:
1739 4051 1740 4054 γ

317 4087 354 4140 ad
374 4085 493 4154 Sydrum
512 4087 556 4154 (=
571 4085 739 4154 Hcsydrum)
759 4074 913 4152 HIXVOE
932 4085 1074 4139 Iomanem
1089 4085 1223 4154 (lamma,
1243 4100 1316 4152 quae
1334 4084 1428 4138 influit
1445 4084 1476 4136 in
1491 4083 1624 4154 Gangem)

316 4175 485 4230 tantundem
508 4173 615 4243 (aliqua
643 4173 814 4243 exemplaria
842 4174 971 4228 adiciunt
994 4162 1205 4244 Vpassuum)'.
1247 4173 1333 4227 verba
1355 4176 1497 4242 postrema
1519 4172 1624 4226 inclusa

318 4247 377 4301 sine
396 4247 482 4300 dubio
505 4245 653 4300 referenda
677 4246 714 4299 ad
737 4245 916 4299 intervallum
934 4245 1008 4300 inter
1026 4245 1185 4314 Hcsydrum
1204 4248 1233 4299 et
1250 4245 1401 4311 Iomanem,
1420 4248 1506 4312 atque
1525 4242 1624 4298 erravit

318 4318 515 4390 Canningham
532 4317 546 4370 Ι
568 4336 594 4386 p.
611 4323 670 4370 217.
709 4333 794 4386 supra
820 4317 865 4386 (cf.
881 4317 981 4370 Taxila
1003 4317 1113 4385 iterque
1132 4317 1285 4370 Alexandri
1309 4317 1346 4370 ad
1364 4316 1538 4386 Hydaspem)
1557 4313 1623 4369 vidi·

316 4409 378 4444 mus
396 4389 484 4444 Plinii
502 4404 631 4443 numeros
650 4387 714 4442 illos
733 4387 788 4442 fide
808 4389 987 4458 dignissimos
1007 4404 1075 4443 esse.
1113 4405 1146 4442 ao
1170 4389 1194 4442 si
1214 4387 1323 4442 Seleuci
1347 4387 1489 4442 Nicatoris
1512 4389 1567 4442 iter
1584 4387 1623 4439 in·
1738 4435 1740 4470 p

316 4462 501 4532 vestigamus,
525 4461 635 4514 numeri
654 4459 740 4514 Plinii
762 4461 818 4514 nisi
841 4461 871 4514 in
895 4459 970 4514 viam
993 4475 1066 4528 quae
1089 4459 1213 4514 conectit
1231 4458 1395 4529 Gurdaspur
1418 4459 1469 4529 (cis
1492 4458 1575 4528 Beas)
1592 4485 1621 4496 ν

317 4533 478 4602 Hoshjapur
496 4565 530 4572 -
549 4531 646 4601 Rupar
664 4532 704 4600 (in
724 4531 838 4586 sinistra
855 4532 919 4601 ripa
938 4529 1025 4600 Satlej
1045 4531 1134 4600 fluvii)
1153 4531 1275 4599 indeque
1293 4547 1344 4600 per
1362 4531 1440 4584 Mani
1451 4530 1621 4591 -Madsohra
1737 4529 1739 4550 ¹

318 4603 477 4670 Sadh22ura,
500 4603 586 4658 Bihat
612 4602 656 4657 vel
680 4602 861 4672 Saharunpur
889 4603 928 4672 (in
956 4603 1070 4656 sinistra
1092 4601 1225 4656 Iamunae
1252 4602 1331 4656 fluvii
1356 4603 1419 4671 ripa
1442 4602 1522 4672 sitas)
1545 4601 1621 4655 urbes

317 4677 431 4730 omnino
449 4693 505 4730 non
525 4675 673 4744 quadrant.
712 4675 851 4729 contendo
870 4673 958 4744 igitur
975 4673 1166 4727 Alexandrum
1186 4675 1223 4728 ad
1236 4673 1395 4743 Hyphasim
1412 4673 1523 4728 venisse
1540 4684 1621 4743 prope

316 4747 416 4801 urbem
434 4747 605 4816 Gurdaspur.
643 4746 700 4800 iam
719 4745 883 4815 priusquam
906 4746 943 4798 ad
961 4745 1119 4814 Hyphasim
1137 4747 1231 4815 ipsum
1249 4746 1370 4800 accessit
1386 4761 1435 4800 rex
1452 4745 1483 4799 in
1502 4743 1620 4816 Sopithis
