3496 5308
844 287 1062 352 ,46-

299 470 378 534 dans
401 473 438 534 11
461 469 489 532 si
511 466 607 532 Indos
631 469 754 552 proelio
783 467 958 551 implicitos
988 467 1147 550 viderent,
1173 467 1236 552 ipsi
1264 488 1337 532 oum
1364 466 1548 552 legionibus
1584 466 1625 530 in
1734 483 1735 564 J

299 572 406 652 partes
431 567 541 632 divisis
564 567 747 632 transirent.
793 570 957 650 praeterea
985 587 1113 630 omnem
1141 588 1199 650 per
1221 565 1324 650 ripam
1349 565 1497 630 custodes
1521 568 1624 628 erant
1734 581 1735 584 ’

300 666 462 750 dispositi,
493 669 585 730 tanto
618 665 773 730 distantes
806 665 911 748 spatio
943 669 981 728 ut
1012 665 1096 729 inter
1128 686 1161 728 se
1193 663 1300 728 videre
1333 667 1365 728 et
1391 663 1502 728 1111111
1530 663 1622 728 bene

299 767 438 849 possent.
485 765 541 847 qni
573 767 606 827 et
637 767 732 828 antea
764 767 796 828 et
827 767 897 828 tum
925 763 1096 847 praecipue
1123 785 1181 846 per
1210 766 1320 828 noctes
1343 762 1439 826 variis
1468 783 1508 826 ex
1530 762 1620 825 locis

299 864 472 928 clamorem
509 862 668 926 tollebant
704 863 859 947 ignesque
895 861 1152 945 inflammabant3
1193 881 1275 944 quae
1306 859 1416 924 hostes
1447 881 1514 923 non
1546 860 1619 924 iam

299 961 470 1026 torrebant.
516 958 700 1024 Alexander
722 964 830 1024 autem
854 960 894 1024 ad
916 961 1025 1024 locum
1047 960 1198 1024 transitui
1221 963 1378 1024 statutum
1402 962 1619 1043 pernoctem

298 1061 510 1144 procellosam
535 1061 567 1122 et
596 1058 778 1141 obscuram,
809 1059 886 1122 luna
909 1079 976 1122 non
997 1059 1125 1123 lucente
1148 1080 1336 1143 progressus
1344 1053 1396 1143 ¹³5)
1403 1107 1413 1142 ,
1434 1062 1522 1121 utres
1545 1057 1619 1121 11111

299 1162 393 1222 antea
416 1158 495 1220 illuc
518 1160 705 1240 apportatos
729 1157 799 1240 ipsa
821 1161 916 1221 nocte
944 1157 1128 1221 stramentis
1156 1157 1279 1222 curavit
1307 1155 1514 1240 complendos
1537 1175 1620 1219 con-

298 1368 365 1405 nam
378 1350 538 1404 Alexander
555 1352 655 1419 postea
673 1349 756 1404 iussit
775 1366 839 1404 eum
857 1349 963 1404 milites
982 1366 1046 1403 snos
1065 1349 1204 1403 adducere
1218 1351 1288 1419 (Arr.
1304 1349 1349 1416 Vl,
1366 1352 1432 1420 2,3);
1451 1349 1508 1403 iam
1527 1351 1621 1403 antea

298 1422 457 1477 Alexandro
471 1421 627 1490 imperante
637 1421 769 1475 Sisiootto
785 1423 915 1490 satrapae
930 1424 1027 1475 contra
1036 1422 1192 1475 Assacenos
1201 1421 1371 1476 rebellantes
1382 1420 1486 1476 auxilio
1497 1423 1620 1474 venerat

299 1493 333 1560 V,
349 1499 423 1561 20,3,
447 1493 522 1562 qnod
546 1494 606 1548 sine
629 1493 767 1560 11111111,
786 1510 872 1562 parvo
899 1509 980 1559 sane,
1003 1510 1060 1546 non
1077 1493 1217 1562 potuisset
1235 1492 1335 1547 faeere.
1374 1493 1460 1547 etiam
1478 1492 1621 1546 Proexem

299 1564 571 1634 Paropanisadarum
590 1567 733 1633 satrapam
752 1565 803 1630 ξὺν
822 1569 936 1638 στρατιᾷ
955 1563 1114 1618 Alexander
1132 1564 1285 1634 reliquerat
1303 1565 1440 1633 111,as,4;
1469 1564 1517 1618 ssd
1537 1566 1621 1618 errat

299 1637 425 1706 Droysen
449 1637 483 1690 de
501 1636 616 1690 Balacei
634 1635 819 1704 Philotaeque
844 1635 1004 1706 legionibus
1028 1635 1148 1703 relictis,
1172 1653 1263 1706 neque
1292 1639 1372 1690 crant
1395 1635 1558 1690 nominatae
1583 1636 1622 1688 in

299 1709 401 1762 lacuna
424 1707 475 1762 illa
492 1707 642 1777 Droysenii
666 1725 751 1776 qnam
775 1707 844 1761 satis
867 1723 1001 1778 magnam
1025 1708 1127 1762 statuit
1149 1724 1217 1762 esse.
1256 1709 1306 1761 sed
1329 1708 1398 1777 qnid
1424 1707 1482 1761 illis
1505 1705 1622 1761 factum

300 1782 360 1834 est?
380 1780 476 1834 statim
496 1779 596 1834 dicam.
634 1779 794 1833 Alexander
812 1796 875 1832 1111
894 1779 992 1833 Indiae
1010 1781 1105 1848 partes
1125 1779 1314 1834 occidentales
1334 1795 1516 1850 aggressurus
1536 1794 1621 1832 exer-

300 1851 388 1905 citum
407 1851 546 1904 divideret
565 1850 620 1919 (IV,
637 1856 696 1916 22,1
716 1851 796 1920 111),
815 1849 1055 1920 Hephaestionem
1078 1853 1107 1906 et
1125 1850 1288 1906 Perdiccam
1315 1851 1424 1904 dimisit
1443 1866 1506 1903 oum
1524 1849 1623 1921 legio-

298 1923 382 1977 nibus
402 1922 523 1992 Gorgiae
542 1921 609 1976 Cliti
624 1922 760 2006 Meleagri
780 1925 808 1976 et
826 1925 908 1992 parte
927 1922 1046 1976 dimidia
1065 1922 1192 1992 equitnm
1212 1923 1365 1976 amicorum
1384 1924 1412 1976 et
1432 1921 1622 1990 equitibus

300 1993 526 2048 mercenariis
546 1993 682 2047 omnibus.
720 2010 781 2062 1pse
800 1993 959 2048 Alexander
978 2010 1072 2048 secum
1091 1995 1172 2048 duxit
1190 1993 1381 2064 hypaspistas,
1399 1993 1523 2062 reliquos
1543 1994 1622 2046 ami-

300 2083 395 2120 corum
414 2066 542 2134 equitum
565 2066 613 2118 aod
636 2074 691 2120 τῶν
715 2062 882 2133 πεζεταίρων
906 2062 1085 2134 καλουμένων
1102 2064 1153 2127 τὰς
1171 2065 1263 2130 τάξεις
1281 2066 1329 2120 καὶ
1347 2065 1413 2127 τοὺς
1430 2063 1547 2130 τοξότας
1566 2067 1624 2119 καὶ

299 2139 365 2200 τοὺς
380 2134 528 2208 Ἀγριᾶνας
546 2137 594 2191 καὶ
612 2137 677 2199 τοὺς
692 2135 918 2199 ἱππακοντιστάς.
951 2138 1117 2191 mercenarii
1135 2137 1246 2206 pedites
1265 2153 1405 2206 nusquam
1423 2137 1621 2191 nominantur.

300 2225 396 2262 omnes
423 2208 538 2262 relictos
565 2207 653 2262 fuisse
681 2208 816 2262 credibile
843 2225 899 2262 non
923 2211 972 2263 111.
1015 2211 1065 2262 111
1092 2208 1181 2278 igitur
1209 2209 1283 2264 inter
1306 2208 1459 2263 Alexandri
1487 2207 1623 2278 legiones

299 2276 477 2346 πεζεταίρους
500 2277 674 2349 καλουμένας
697 2280 869 2348 reperiemus
893 2282 942 2333 aut
966 2279 1087 2349 Gorgiae
1111 2279 1177 2333 Cliti
1200 2280 1336 2350 Meleagri
1359 2280 1500 2350 legionem
1527 2297 1623 2334 unam

299 2352 452 2406 alteramve
462 2352 647 2420 compositam
657 2368 691 2404 ex
700 2351 880 2404 mercenariis
890 2351 1035 2419 peditibus
1046 2351 1199 2405 credemus.
1224 2367 1290 2405 nam
1299 2352 1410 2420 pedites
1425 2352 1622 2405 mercenarios

299 2424 329 2478 in
347 2423 473 2492 legiones
493 2423 659 2476 distributos
674 2421 761 2476 fuisse
776 2423 836 2476 iure
851 2425 1013 2476 statuemus.
1053 2423 1102 2476 sed
1117 2422 1239 2493 Gorgiae
1254 2423 1321 2477 Cliti
1336 2423 1473 2492 Meleagri
1487 2422 1622 2492 legiones

300 2495 487 2548 mercenarios
510 2493 598 2548 fnisse
622 2496 772 2563 putamus?
797 2494 832 2548 de
850 2494 992 2564 Meleagro
1017 2493 1144 2548 conferas
1164 2493 1367 2561 Arr.III,11,9
1393 2495 1444 2562 ΙΙΙ,
1462 2499 1520 2561 18,2
1541 2497 1571 2548 11
1593 2503 1620 2549 4.

300 2567 391 2620 mittit
413 2582 462 2620 rex
485 2583 549 2619 cum
566 2566 751 2620 Parmenione
774 2566 804 2619 in
822 2566 940 2620 Persida
962 2567 1028 2629 τοὺς
1049 2567 1203 2630 Θετταλοὺς
1227 2563 1329 2628 ἱππέας
1353 2566 1402 2620 καί
1424 2566 1489 2628 τοὺς
1508 2565 1622 2634 ξυμμά-

300 2657 367 2708 χους
389 2638 438 2692 καὶ
459 2637 524 2699 τοὺς
549 2636 743 2706 μισθοφόρους
764 2638 830 2701 τοὺς
853 2637 950 2702 ξένους
974 2638 1023 2690 καί
1048 2635 1108 2691 ὅσοι
1127 2636 1204 2692 ἄλλοι
1227 2646 1276 2692 τοῦ
1301 2637 1503 2706 στρατεύματος
1527 2639 1622 2709 βαρύ-

300 2728 381 2778 τερον
405 2707 584 2777 ὡπλισμένοι,
611 2709 661 2762 ubi
686 2707 712 2762 οἱ
740 2707 912 2778 μισθοφόροι
936 2707 963 2762 οἱ
991 2707 1066 2774 ξένοι
1089 2725 1145 2762 101
1174 2708 1265 2763 solum
1289 2710 1398 2778 equites
1427 2708 1620 2778 intellegendi

300 2783 373 2847 sunt,
394 2780 442 2834 sed
462 2783 490 2834 et
509 2780 617 2849 equites
637 2783 665 2834 et
683 2781 793 2849 pedites
812 2780 987 2846 mercenarii,
1006 2797 1073 2833 nam
1086 2780 1246 2835 Alexander
1264 2781 1374 2850 pedites
1393 2783 1506 2834 tantum
1520 2779 1620 2835 Mace-

301 2853 387 2906 dones
407 2854 491 2920 atque
511 2851 638 2920 equitum
657 2853 762 2906 amicos
782 2869 846 2905 cum
864 2852 1021 2920 prodromis
1039 2852 1235 2921 Agrianosque
1260 2869 1323 2906 cum
1343 2851 1499 2922 sagittariis
1519 2868 1620 2906 secum

301 2923 425 2977 abduxit.
468 2923 526 2976 iam
554 2925 579 2992 (5
594 2924 621 2992 4)
648 2923 722 2977 inter
749 2925 825 2993 ipsos
852 2923 963 2992 pedites
986 2923 1154 2977 Macedones
1183 2923 1259 2993 apud
1284 2924 1435 2977 Arrianum
1464 2927 1621 2978 accurrunt

301 2995 438 3064 Meleagri
457 2997 486 3048 et
499 2995 650 3048 Perdiccae
664 2998 690 3063 (ξ
705 2998 731 3064 5)
751 2995 884 3065 legiones.
923 2995 1006 3050 alteri
1024 2997 1123 3064 postea
1142 2994 1247 3049 Clitum
1265 2995 1440 3064 praefectum
1459 3010 1519 3048 esse
1539 3011 1620 3049 eam-

301 3083 355 3134 que
374 3067 545 3121 &novatores
563 3065 643 3130 τάξιν
661 3067 837 3120 nominatam
856 3083 917 3120 esse
935 3065 1010 3120 infra
1029 3083 1174 3135 exponam.
1212 3066 1245 3134 V,
1262 3073 1322 3134 12,2
1342 3069 1437 3120 autem
1451 3066 1621 3121 nominatur

276 3135 279 3140 ’
302 3137 369 3192 Cliti
387 3137 463 3207 legio
482 3137 556 3192 inter
574 3138 765 3208 phalangitas.
803 3138 890 3192 solius
910 3137 1030 3209 Gorgiae
1050 3155 1151 3208 agmen
1176 3155 1209 3192 ex
1227 3139 1408 3192 mercenariis
1428 3138 1621 3193 constitutum

301 3226 362 3264 esse
380 3211 477 3278 posset
495 3212 561 3279 (non
579 3209 731 3264 formatum
750 3210 862 3264 videtur
881 3226 941 3264 esse
961 3212 1026 3264 ante
1040 3209 1194 3264 Alexandri
1213 3210 1421 3279 expeditionem
1434 3209 1618 3281 Bactrioam).

302 3282 351 3336 sed
368 3283 509 3350 repugnat
527 3281 587 3334 Arr.
603 3280 636 3348 V,
653 3287 711 3348 12,1
737 3298 791 3350 quo
815 3283 888 3335 teste
911 3284 962 3334 aut
980 3281 1116 3351 Meleagri
1134 3281 1226 3335 Attali
1249 3281 1370 3352 Gorgiae
1398 3279 1490 3346 τάξεις
1517 3298 1620 3338 omnes

301 3353 537 3407 mercenariorum
556 3355 636 3406 erant
655 3355 704 3406 aut
727 3353 813 3406 nulla.
851 3355 941 3406 restat
964 3353 1052 3422 igitur
1073 3355 1106 3407 ut
1128 3356 1260 3422 putemus
1287 3353 1399 3422 pedites
1426 3354 1619 3408 mercenarios

301 3423 593 3494 1ρ111111.Ι1Τ,23,1
615 3426 664 3477 111
683 3425 800 3478 omissos
823 3427 873 3478 aut
897 3425 1111 3493 comprehensos
1136 3441 1196 3479 esse
1215 3425 1290 3478 inter
1307 3425 1413 3479 milites
1431 3425 1619 3493 pezhetaeros

302 3495 469 3566 appellatos.
507 3497 566 3548 iam
589 3495 749 3549 evolvamus
767 3495 881 3549 Arriani
899 3495 946 3563 ΠΙ,
962 3502 1085 3565 1221111
1115 3496 1187 3550 κατὰ
1210 3495 1261 3565 μὲν
1284 3496 1315 3550 τὸ
1339 3495 1431 3560 δεξιὸν
1450 3494 1533 3584 κέρας
1553 3495 1618 3565 ἐχό-

302 3587 380 3636 μενοι
403 3575 453 3636 τῆς
475 3569 617 3638 βασιλικῆς
640 3565 700 3636 ἴλης
722 3575 776 3622 τῶν
793 3563 945 3637 Ἀγριανῶυ
969 3566 1130 3638 ἐτάχθησαν
1150 3567 1177 3622 οἱ
1195 3564 1303 3636 ἡμίσεις
1322 3561 1361 3621 ὦν
1379 3566 1473 3636 ἡγεῖτο
1494 3570 1619 3630 Ατταλος

301 3639 350 3693 καὶ
373 3637 441 3707 μετὰ
464 3638 569 3692 τούτων
593 3637 620 3693 oi
638 3636 805 3700 Μακεδόνες
827 3635 952 3705 τοξόται,
977 3633 1015 3693 ὧν
1035 3636 1143 3707 Βρίσων
1165 3631 1258 3708 ἦρχεν,
1284 3635 1411 3709 ἐχόμενοι
1435 3639 1466 3692 δὲ
1489 3647 1545 3693 τῶν
1568 3659 1618 3693 το-

302 3712 390 3776 ξοτῶν
409 3709 440 3764 οἱ
459 3711 599 3780 ἀρχαῖοι
622 3709 829 3778 καλούμενοι
848 3707 941 3776 ξένοι
959 3710 1009 3764 καὶ
1027 3709 1121 3781 ἅρχων
1140 3709 1245 3764 τούτων
1263 3708 1425 3778 Κλέανδρος
1444 3753 1450 3763 .
1467 3753 1472 3763 .
1489 3753 1494 3763 .
1511 3711 1548 3780 (3)
1567 3717 1619 3780 τῆς

302 3779 333 3836 δὲ
357 3782 500 3852 βασιλικῆς
523 3780 582 3850 ίλης
604 3782 653 3834 καὶ
675 3790 731 3836 τῶν
754 3780 843 3836 ἄλλων
867 3778 984 3849 ἑταίρων
1007 3780 1223 3851 προτεταγμένοι
1245 3773 1319 3850 ἦσαν
1341 3790 1397 3835 τῶν
1420 3799 1449 3835 τε
1464 3779 1619 3850 Ἀνριανῶυ

303 3853 351 3907 καὶ
369 3861 424 3907 τῶν
442 3853 562 3918 τοξοτῶν
586 3852 612 3906 oi
637 3850 745 3921 ἡμίσεες
767 3853 815 3907 καὶ
841 3852 868 3907 οἱ
887 3852 1035 3922 Βαλάκρου
1055 3849 1223 3908 ἀκοντισταί.
1262 3870 1296 3907 11
1314 3853 1368 3907 hoc
1387 3854 1525 3908 exercitus
1544 3853 1618 3907 divi-

302 3925 380 3979 sione
408 3923 516 3978 conicio
544 3924 630 3978 etiam
654 3923 766 3978 Balacri
793 3925 899 3979 milites
927 3924 1015 3978 fuisse
1040 3924 1234 3979 mercenarios.
1273 3925 1343 3979 duas
1366 3925 1455 3994 igitur
1477 3926 1530 3979 hoo
1552 3925 1618 3980 loco

303 3996 471 4050 haberemus
490 3995 571 4064 quasi
585 3995 711 4066 legiones
725 3997 968 4064 mercenariorum,
987 4011 1074 4050 unam
1089 3995 1228 4064 Cleandri,
1248 3997 1368 4051 alteram
1381 3996 1500 4050 Balacri.
1530 3999 1619 4066 atque

302 4068 414 4122 Balacri
442 4067 516 4121 taxis
544 4070 777 4122 commemoratur
801 4068 848 4134 IV,
864 4073 950 4134 24,10.
989 4068 1038 4122 sed
1066 4068 1135 4136 quid
1159 4067 1290 4122 Cleandri
1316 4071 1417 4138 postea
1441 4068 1549 4122 factum
1573 4073 1618 4124 est

302 4141 432 4210 legione?
473 4138 610 4192 Cleander
637 4140 698 4208 ipse
724 4156 788 4193 cum
812 4139 918 4193 Sitalca
942 4141 970 4193 et
993 4139 1120 4206 Menida,
1144 4139 1193 4193 sed
1218 4140 1277 4194 sine
1302 4140 1426 4194 exercitu
1447 4140 1477 4192 in
1501 4139 1618 4194 Median

301 4211 403 4264 missus
423 4211 478 4264 est:
500 4211 584 4264 duces
603 4210 633 4263 hi
651 4213 708 4264 tres
727 4211 920 4265 Parmenionis
939 4211 1001 4264 loco
1020 4213 1163 4281 praetores
1182 4227 1242 4266 esse
1261 4211 1331 4266 11111
1346 4213 1433 4266 erant.
1463 4211 1518 4282 (lIl,
1535 4213 1616 4281 26,3),

302 4283 408 4352 legioni
423 4281 554 4335 Cleandri
572 4284 633 4335 tum
647 4282 806 4352 praefectus
820 4282 931 4336 videtur
946 4299 1005 4337 esse
1019 4282 1154 4348 Philotas,
1175 4283 1254 4336 11111
1268 4283 1343 4337 11111
1357 4283 1481 4352 primum
1495 4299 1616 4337 comem-

302 4355 428 4408 moratur
446 4353 498 4419 III,
514 4357 582 4417 aaa.
620 4354 678 4407 iam
702 4355 725 4408 11
744 4353 873 4408 Philotae
893 4356 921 4408 et
939 4354 1051 4407 Balacri
1069 4354 1175 4408 milites
1194 4355 1380 4409 mercenarios
1398 4355 1509 4424 pedites
1527 4354 1617 4410 1111111

302 4425 385 4478 nobis
413 4424 633 4493 persuaserimus
661 4425 746 4479 facile
773 4426 957 4480 concedemus
976 4424 1009 4489 V,
1026 4431 1084 4493 12,1
1113 4443 1209 4480 revera
1237 4429 1349 4496 praeter
1374 4426 1465 4480 Attali
1494 4425 1617 4496 Gorgiae

302 4496 439 4566 Meleagri
453 4496 579 4566 legiones
588 4496 785 4551 Macedonicas
800 4498 1012 4553 commemorari
1027 4497 1156 4552 Philotae
1171 4499 1339 4568 Balacrique
1353 4498 1487 4568 legiones,
1503 4497 1617 4554 etiamsi

303 4585 359 4620 non
378 4568 462 4621 duces
481 4567 537 4636 ipsi
555 4569 743 4622 nominantur.

394 4641 454 4709 135)
474 4639 538 4692 vide
556 4639 628 4692 Plut.
644 4640 692 4693 vit.
708 4641 785 4694 Alex.
802 4646 835 4694 60
855 4641 884 4694 11
899 4640 973 4695 Curt.
989 4637 1062 4708 Vlll,
1079 4647 1169 4709 13,23;
1189 4643 1238 4712 qui
1257 4642 1292 4696 de
1310 4641 1435 4697 tenebris
1455 4641 1548 4696 addit:
1571 4643 1615 4700 ‘ut

303 4711 349 4764 vix
368 4710 589 4780 colloquentium
607 4711 681 4766 inter
700 4711 776 4782 ipsos
795 4712 883 4767 facies
902 4713 1128 4768 noscitarentur'.
