3506 5306
670 319 912 383 -101-

143 497 233 561 urbes
265 497 459 561 nostratium
486 496 611 562 Lahorc
641 501 674 561 et
701 496 862 561 Amritsar
890 495 1048 562 cathaeos
1075 501 1194 562 terram
1223 499 1328 562 colere
1356 520 1453 581 supra

144 595 358 679 cognovimus.
405 594 439 658 hi
475 599 541 659 tres
573 596 687 678 populi
719 596 829 678 paullo
862 599 1034 678 antequam
1067 595 1249 663 Alexander
1281 617 1451 681 aggressus

143 697 206 756 erat
238 691 359 756 Porum
391 691 647 776 Abhisaremque
680 692 895 757 defenderant.
942 699 1012 758 tum
1045 691 1177 758 tathaei
1212 694 1342 777 quidem
1374 694 1452 758 victi

144 794 229 854 erant
253 789 293 853 ab
317 789 511 873 Alexandro,
534 789 589 854 sed
609 788 795 874 Oxydracae
812 790 967 874 Malllque
986 791 1214 874 conspirabant
1233 795 1265 855 et
1285 792 1450 857 coniuncti

142 888 297 970 proelium
330 889 410 951 inire
443 893 631 952 statuerant.
676 887 859 953 Alexander
886 911 960 954 vero
990 912 1054 972 qua
1082 890 1205 954 solebat
1234 911 1310 954 usus
1345 890 1452 954 celeri-

141 989 204 1050 tate
237 989 334 1068 atque
366 987 479 1051 itinere
507 1008 565 1070 per
596 987 760 1072 regionem
789 1009 872 1069 aqua
902 992 1063 1052 carentem
1091 987 1276 1070 aridamque
1304 984 1451 1072 factem)

141 1084 227 1166 prius
261 1083 432 1148 advenerat
464 1106 561 1168 quam
590 1085 698 1168 copias
733 1082 988 1172 conexerant.⁸¹⁹)
1035 1107 1072 1150 ac
1105 1086 1209 1168 primo
1239 1085 1367 1168 quidem
1401 1085 1452 1149 die

140 1185 266 1264 praeter
292 1181 427 1246 fluvium
455 1205 591 1266 parvum
614 1219 658 1228 -
680 1181 776 1266 Ayak
803 1187 840 1246 ut
867 1183 995 1246 videtur
1018 1221 1060 1228 —
1086 1187 1215 1248 eentum
1245 1183 1312 1248 fere
1340 1182 1451 1247 stadiis

141 1279 178 1343 ab
202 1277 340 1344 Acesine
364 1284 469 1344 castra
491 1277 659 1367 posuitm)
682 1280 740 1344 ubi
768 1301 842 1344 cum
870 1285 1038 1345 cenassent
1066 1281 1186 1346 milites
1214 1284 1247 1344 et
1270 1281 1451 1364 paullulum

141 1399 172 1441 se
194 1382 402 1461 recreassent,
426 1400 508 1462 quae
531 1379 666 1462 quisque
689 1378 822 1442 haberet
845 1401 922 1442 1111
940 1401 979 1443 ex
998 1400 1081 1462 aqua
1099 1379 1190 1442 fluvii
1209 1379 1332 1462 replere
1351 1379 1451 1442 iussit.

140 1479 236 1558 atque
267 1477 392 1559 reliqua
423 1476 486 1541 diei
519 1481 610 1560 parte
643 1480 676 1540 et
706 1480 802 1541 nocte
835 1481 987 1560 sequente
1018 1481 1088 1540 tota
1122 1477 1356 1562 quadringenta
1387 1477 1453 1542 fere

141 1573 242 1636 stadia
265 1595 454 1659 progressus
479 1575 538 1639 sub
561 1575 667 1639 lucem
691 1574 731 1638 ad
755 1574 867 1638 urbem
890 1576 1045 1658 pervenit,
1065 1579 1194 1638 —erat
1216 1575 1353 1640 fortasse
1375 1575 1453 1640 urbs

140 1672 332 1735 nostratium
347 1670 414 1736 Kot
428 1670 634 1758 Ruminae)
650 1710 693 1719 —
708 1674 743 1736 in
762 1694 859 1755 quam
873 1671 1046 1739 Mallorum
1064 1674 1159 1737 multi
1173 1695 1207 1738 se
1222 1678 1452 1738 converterant.

141 1887 225 1938 antea
248 1883 319 1937 Poro
343 1884 372 1936 et
389 1881 523 1935 Abhisari
546 1883 717 1950 coniunctis3
741 1883 791 1936 sed
814 1899 861 1937 eos
883 1887 945 1937 turn
970 1887 1082 1938 coactos
1106 1883 1193 1938 fuisse
1212 1883 1346 1937 Arrianus
1370 1883 1453 1938 vehe-

140 1958 249 2009 menter
267 1955 390 2038 negavit
428 1954 513 2008 immo
533 1954 557 2007 si
577 1954 697 2008 locum'
689 1955 824 2023 inspicias
843 1955 893 2008 ubi
907 1955 1067 2037 Alexander
1081 1955 1182 2009 Mallos
1197 1955 1288 2025 primo
1303 1971 1452 2036 aggressus

141 2029 236 2081 111-
257 2027 331 2108 cirea
350 2025 406 2079 Kot
424 2024 607 2078 Kamalia—
627 2025 698 2079 situs
718 2029 761 2080 est
779 2026 855 2080 ille
847 2044 877 2078 1n
896 2043 930 2079 ea
948 2026 1064 2097 regione
1082 2027 1132 2081 ubi
1152 2027 1207 2080 duo
1221 2026 1320 2095 populi
1334 2025 1408 2080 inter
1423 2044 1452 2079 se

141 2099 298 2168 attingunt:
318 2097 348 2149 in
362 2096 499 2151 orientem
513 2099 543 2150 et
557 2097 777 2166 septentrionem
791 2114 886 2151 versus
901 2097 938 2150 ab
954 2097 1113 2152 Schiraza
1130 2097 1200 2151 urbe
1214 2098 1251 2150 ad
1266 2098 1364 2170 Schir
1369 2097 1453 2168 -ghar

141 2172 169 2223 et
193 2168 333 2222 81111111-
334 2187 388 2238 pur
409 2167 492 2221 nrbes
516 2167 696 2236 Oxydrakae,
720 2169 757 2222 ab
780 2169 837 2222 Kot
859 2169 1013 2222 Kamalia
1036 2172 1113 2238 (num
1141 2185 1243 2223 nomen
1271 2169 1306 2223 de
1319 2165 1451 2222 Mallis

141 2240 254 2294 dubitat
282 2239 479 2309 Cunningham
507 2258 533 2310 p.
554 2243 616 2308 210)
646 2239 682 2294 ad
709 2240 821 2294 Multdn
848 2239 946 2294 urbem
973 2241 1143 2294 habitabant
1170 2239 1264 2294 Malli.
1293 2256 1326 2294 ac
1356 2240 1452 2294 celeri-

141 2315 200 2366 tate
229 2329 280 2366 sua
303 2311 462 2364 Alexander
489 2311 614 2364 nondum
642 2311 805 2365 coniunctos
832 2312 958 2381 repperit
985 2313 1055 2366 duos
1083 2311 1148 2366 illos
1172 2312 1303 2381 populos,
1333 2329 1452 2381 cumque

142 2400 159 2436 a
185 2382 242 2437 Kot
268 2382 399 2436 Kamelia
431 2382 468 2435 ad
495 2381 606 2436 1111111
637 2382 735 2436 urbem
762 2383 863 2436 Mallos
896 2383 981 2450 adiit,
1015 2382 1175 2451 Oxydracas
1204 2383 1350 2452 prohibuit
1378 2383 1453 2437 coire

143 2472 205 2508 cum
223 2454 318 2508 Mallia
338 2454 467 2521 solosque
481 2452 582 2508 Mallos
601 2454 788 2508 devincendos
807 2454 915 2509 habuit.
952 2455 1009 2508 iam
1029 2454 1118 2509 Curtii
1132 2454 1305 2523 Diodorique
1324 2456 1452 2509 auctores

142 2525 268 2579 fabulam
295 2525 376 2579 illam
404 2525 438 2578 de
467 2523 676 2593 Oxydracarum
703 2526 909 2594 Mallorumque
938 2526 1079 2579 discordia
1111 2525 1233 2596 fingunt:
1266 2542 1332 2579 nam
1359 2529 1451 2580 totum

108 2651 115 2666 ,
142 2597 254 2651 illorum
273 2597 425 2651 exercitum
444 2595 605 2650 discessisse
623 2596 749 2651 referunt
767 2614 831 2650 cum
845 2597 1004 2652 Alexander
1022 2597 1269 2666 appropinquaret.
1306 2596 1453 2652 bellabant

142 2670 215 2723 inter
233 2685 263 2722 se
288 2669 453 2738 priusquam
472 2667 639 2722 Macedones
664 2668 815 2722 adventare
841 2669 1015 2738 putabantur
1034 2668 1118 2738 (Curt
1139 2669 1245 2738 Diod.3)
1270 2685 1333 2722 eum
1356 2672 1452 2724 autem

141 2741 320 2794 nuntiaretur
342 2739 501 2794 Alexander
524 2739 663 2793 adducere
687 2740 782 2809 copias
806 2757 857 2809 per
880 2741 1028 2823 Acesinem
1052 2740 1203 2806 devehens,
1231 2756 1302 2810 paee
1325 2740 1453 2794 celeriter

142 2809 670 2894 11111(Οιιι1.1)1οι1;)ι111111111111
690 2811 768 2865 inum
787 2812 860 2864 inter
879 2827 908 2865 se
927 2811 957 2864 in
975 2812 1186 2866 matrimonium
1205 2811 1307 2865 dedere
1326 2814 1355 2865 et
1374 2827 1451 2866 acce-

143 2899 208 2953 pere
223 2883 335 2952 (Diod.‚)
355 2882 450 2952 copias
470 2883 661 2951 coniunxere(
732 2883 855 2951 Diod.‚)
873 2899 964 2952 neque
983 2884 1041 2936 iam
1055 2883 1153 2953 procul
1167 2883 1203 2936 ab
1218 2883 1276 2936 illis
1291 2883 1450 2938 Alexander

143 2957 235 3009 castra
258 2958 391 3023 posuerat
410 2951 555 3023 (Curt.,c)
540 2970 604 3008 cum
622 2957 713 3020 nocte,
732 2955 870 3008 incertum
895 2957 1008 3008 metune
1028 2971 1065 3008 an
1083 2955 1222 3010 seditione
1239 2972 1334 3008 rursus
1354 2957 1452 3009 exorta

108 3065 111 3070 -
143 3027 194 3095 (ita
208 3025 332 3092 (hirtius3
351 3025 490 3079 Diodorus
506 3025 560 3079 scit
574 3041 699 3079 causam:
719 3024 805 3079 πάλιν
819 3025 1018 3089 στασιάσαντες
1036 3024 1106 3094 ὑπὲρ
1124 3033 1174 3094 τῆς
1193 3023 1353 3096 ἡγεμονίας)
1368 3025 1452 3079 diffu-

142 3100 251 3168 gcrunt.
286 3068 398 3150 addidit
417 3095 527 3150 Curtius
549 3096 680 3150 ridicule:
701 3099 776 3151 certe
795 3097 872 3150 avios
890 3100 999 3151 montes
1019 3100 1048 3151 et
1065 3097 1217 3166 impeditos
1237 3101 1452 3167 occupaverunt,

143 3187 259 3238 quorum
283 3184 390 3237 agmen
417 3185 466 3222 rex
493 3167 598 3222 frustra
630 3170 793 3237 persecutus
826 3169 1028 3237 impedimenta
1060 3169 1156 3237 cepit'
1198 3169 1344 3223 montes'
1336 3187 1366 3222 1n
1393 3169 1451 3221 illis

142 3239 304 3310 regionibus
323 3240 437 3293 omnino
455 3257 511 3293 non
531 3242 619 3305 erant,
639 3239 724 3294 colles
743 3239 876 3306 fortasse3
900 3241 987 3294 etiam
1004 3240 1115 3309 reliqua
1133 3240 1264 3308 quisnam
1283 3241 1452 3294 crediderit?

143 3315 227 3367 antea
246 3311 388 3365 coniuncti
408 3310 571 3380 Oxydracae
590 3313 619 3364 11
637 3311 717 3364 Μ1111
736 3311 806 3364 Ροιο
826 3283 1014 3380 Ablrisariqne
1032 3312 1207 3378 restiterant3
1231 3314 1292 3366 turn
1311 3311 1452 3366 discordia

143 3385 177 3437 de
195 3383 358 3453 principatu
377 3385 474 3436 exorta
492 3397 539 3436 eos
559 3382 721 3452 deperdidit
739 3381 826 3436 etiam
844 3385 928 3437 antea
946 3383 1020 3437 inter
1034 3399 1064 3436 se
1078 3382 1228 3436 bellantes!
1257 3399 1313 3436 non
1327 3382 1453 3437 fallimur

142 3456 262 3508 Arriano
281 3454 366 3508 fidem
385 3454 521 3508 habentes
540 3453 686 3522 potiorem.
724 3453 808 3507 aliter
826 3470 893 3508 sane
916 3455 1054 3509 iudicavit
1072 3454 1177 3508 Lassen
1190 3454 1217 3507 II
1234 3473 1261 3522 p.
1278 3459 1337 3508 178.
1375 3455 1451 3523 quod

142 3529 289 3596 praeterea
314 3524 425 3579 (turtius
450 3525 525 3579 solus
549 3525 663 3594 scripsit
686 3557 719 3565 —
742 3542 778 3578 ne
802 3526 932 3580 omittam
956 3549 1001 3579 -:
1032 3525 1196 3580 ‘Alexandri
1214 3525 1318 3579 milites
1339 3526 1453 3595 cognita

142 3598 266 3652 hostium
280 3597 464 3650 multitudine
478 3597 660 3650 seditiosis
675 3597 766 3650 verbis
775 3613 871 3666 regem
880 3597 1025 3666 increpare
1036 3601 1189 3680 coeperunt
1198 3599 1284 3663 atque
1293 3596 1452 3650 Alexander

143 3686 189 3724 eos
213 3668 339 3722 oratione
363 3668 543 3721 delinivitt
515 3671 543 3722 et
566 3685 679 3738 pugnae
698 3668 848 3722 alacriores
867 3668 946 3723 feeit'
966 3686 1022 3723 non
1045 3669 1135 3738 magis
1155 3668 1290 3722 credibile
1309 3669 1364 3735 est,
1389 3686 1452 3722 cum

83 3755 85 3758 ·
142 3741 266 3794 hostium
293 3739 446 3793 multitudo
475 3739 587 3793 omnino
616 3756 672 3793 non
700 3740 812 3794 adesset
839 3741 925 3809 atque
953 3740 1112 3793 Alexander
1140 3755 1187 3793 eas
1215 3741 1326 3793 tanturn
1355 3739 1451 3808 copias

143 3829 238 3866 seeum
256 3811 379 3876 duceret,
398 3827 471 3879 quae
490 3828 554 3864 cum
573 3827 605 3864 eo
624 3811 719 3865 omnia
738 3810 833 3864 ausuri
853 3812 939 3864 erant

233 3885 295 3952 320)
314 3854 499 3952 probabiliter
514 3881 709 3952 Cunmngham
727 3901 754 3951 p
772 3887 822 3934 185
841 3900 867 3950 p.
884 3887 934 3936 209
955 3882 1076 3936 coniecit
1090 3897 1154 3935 eum
1167 3881 1255 3936 fuisse
1269 3881 1384 3936 fluvium
1403 3882 1452 3951 qui

142 3954 228 4008 hodie
250 3953 345 4022 Ayak-
346 3953 422 4008 Nadi
445 3954 606 4023 appellatur
629 3953 665 4007 ab
689 3953 796 4007 incolis.
834 3969 898 4006 nam
927 3954 958 4006 in
986 3954 1120 4007 orientem
1144 3969 1239 4006 versus
1264 3953 1299 4007 ab
1323 3954 1451 4020 Acerina,

143 4027 201 4080 sive
220 4042 238 4078 1
253 4025 373 4079 Shorkot
390 4025 460 4079 urbe
479 4041 627 4096 aggressus
647 4024 705 4079 sive
723 4025 808 4095 paulo
827 4024 909 4089 infra,
929 4025 1087 4079 Alexander
1100 4024 1222 4078 rivulum
1235 4024 1317 4078 illum
1331 4025 1452 4080 transire

143 4097 242 4151 debuit
261 4097 335 4150 circa
354 4100 467 4151 centum
486 4097 580 4150 stadia
598 4099 743 4151 remotum.

233 4172 295 4238 321)
316 4168 476 4238 ‘Agalassa’
501 4168 574 4222 hanc
603 4167 700 4222 urbem
727 4168 855 4222 nominat
877 4167 1004 4235 Droysen
1022 4167 1047 4220 lI
1070 4186 1097 4236 p.
1119 4172 1183 4234 1793
1230 4167 1287 4220 uod
1313 4183 1367 4234 quo
1391 4167 1451 4221 iure

143 4239 243 4294 fecerit
272 4239 402 4310 equidem
429 4240 537 4305 nescio3
565 4256 630 4293 narn
654 4240 730 4310 quod
754 4240 883 4310 adnotat:
909 4239 952 4308 ,lo
976 4239 1094 4296 seruiat
1117 4239 1187 4295 belbe
1177 4187 1291 4307 (Mart.
1312 4240 1341 4291 et
1358 4237 1452 4308 Diod.)

144 4311 274 4383 agiliter,
298 4311 324 4380 11
349 4309 405 4379 ruat
428 4310 503 4380 fieb
495 4327 525 4366 ιιι
548 4311 627 4382 ibren
650 4311 708 4394 barb
731 4311 772 4366 bie
795 4283 1047 4381 ilberetaltimmraq
1072 4309 1239 4366 1111111111
1261 4309 1321 4377 noct
1345 4309 1452 4379 beraut:

143 4383 255 4452 aaran,
275 4381 406 4450 equidem
424 4398 480 4434 non
493 4399 566 4436 sane
585 4383 702 4451 reperio
731 4382 827 4435 omisit
841 4382 975 4449 Droysen,
995 4381 1071 4450 quod
1090 4382 1146 4435 alio
1166 4381 1278 4435 omnino
1297 4380 1359 4434 loco
1378 4380 1452 4434 hane

144 4455 188 4524 Ag
189 4427 323 4507 classium
350 4469 409 4507 rem
432 4456 650 4507 commemorant
672 4453 811 4508 Diodorus
840 4455 869 4507 et
892 4452 1017 4520 Curtius,
1040 4471 1096 4506 non
1121 4453 1195 4506 inter
1218 4451 1392 4506 narrationes
1418 4452 1452 4506 de

125 4525 299 4593 'Oxydracis
317 4524 468 4592 Mallisque
493 4524 537 4589 (cf.
557 4525 662 4578 Lassen
680 4525 754 4594 Ilp.
777 4529 826 4578 111
851 4525 915 4578 adn.
936 4527 970 4594 3).
1015 4525 1091 4592 quod
1110 4525 1164 4578 scit
1182 4523 1309 4592 Droysen
1328 4522 1452 4577 scribens

145 4595 508 4666 praemeditarunt
532 4595 665 4666 uastata
688 4544 746 4652 torp
759 4595 876 4651 Diuitem
902 4597 955 4651 aab
978 4595 1152 4666 Drbbralem,
1176 4605 1228 4650 toa
1252 4595 1453 4664 1111111111

144 4668 259 4738 11111111
282 4673 390 4724 terame.
429 4669 552 4721 ceterum
574 4684 642 4720 num
660 4667 810 4721 Mallorum
832 4667 899 4720 urbs
923 4666 1022 4720 eadem
1044 4667 1130 4722 fuerit
1153 4683 1225 4736 quae
1248 4666 1333 4720 hodie
1351 4665 1453 4720 Pinde-

145 4739 279 4796 Schaich-
280 4739 377 4792 Moosa
396 4741 451 4806 est,
472 4738 589 4792 dubium
612 4739 723 4793 videtur
689 4757 730 4792 ιιι.
773 4739 867 4806 siquid
885 4738 972 4792 liceat
990 4739 1127 4808 suspicari
1145 4686 1244 4791 uqrbem
1263 4753 1295 4791 eo
1314 4737 1372 4791 fere
1391 4738 1453 4794 loco

1221 4833 1237 4884 ⁸
1295 4828 1455 4928 33:23?
