3496 5308
858 309 1071 375 ...26-

314 471 467 559 gnatione
499 472 652 537 continua
683 469 780 556 caesi,
810 469 942 556 plurimi
974 469 1132 536 vulnerati
1165 475 1198 535 et
1230 469 1316 536 bello
1343 468 1475 534 inutiles
1503 473 1631 556 essent,

312 571 353 634 ad
374 568 592 635 Alexandrum
614 568 759 654 mittunt,
783 569 839 654 qui
862 567 1086 654 pacisceretur.
1131 568 1183 633 cui
1206 590 1280 634 cum
1302 589 1377 654 rege
1401 567 1557 654 convenit,
1582 572 1629 633 ut

313 691 353 733 ex
377 668 458 734 urbe
481 667 601 756 egressi
624 668 659 733 in
682 667 858 734 exercitum
880 665 967 754 regis
990 665 1109 752 recepti
1132 665 1281 731 militent.
1325 665 1434 750 itaque
1458 665 1626 752 eveniunt,

312 789 416 851 neque
443 769 553 831 tamen
580 766 614 830 in
637 765 813 832 Alexandri
841 787 875 830 se
903 769 1007 830 castra
1028 769 1174 850 vertunt,
1201 764 1256 828 sed
1279 763 1377 829 armis
1399 763 1548 828 instructi
1572 786 1625 829 se-

313 865 411 930 orsim
440 865 475 930 in
498 863 581 929 clivo
603 863 834 929 Macedonibus
856 863 1007 948 opposito
1031 867 1134 928 castra
1157 861 1316 927 muniunt.
1362 884 1434 927 cum
1457 861 1542 926 enim
1566 862 1624 926 ad-

311 986 421 1028 versus
445 962 530 1028 cives
551 961 648 1027 Indos
671 966 704 1026 et
727 965 951 1027 conterraneos
974 984 1062 1026 arma
1085 960 1168 1025 ferre
1190 959 1323 1040 nollent,
1345 963 1440 1024 nocte
1463 960 1623 1046 aufugere

312 1064 503 1126 statuerant.
564 1059 650 1144 quod
686 1082 759 1125 cum
795 1059 937 1126 audisset
967 1057 1150 1125 Alexander
1180 1062 1275 1124 nocte
1307 1057 1428 1124 cinctos
1458 1059 1623 1124 necandos

312 1157 490 1245 curavitli)
536 1157 601 1222 iam
633 1158 747 1224 urbem
779 1157 883 1244 ipsam
916 1158 947 1222 vi
981 1157 1080 1243 cepit,
1113 1179 1186 1221 cum
1217 1179 1283 1222 non
1314 1155 1393 1221 satis
1425 1160 1533 1221 essent
1560 1158 1622 1242 qui

311 1257 526 1322 defenderent.
581 1256 727 1321 inventas
760 1256 845 1322 inter
874 1255 1019 1341 captivos
1046 1253 1200 1320 Assaceni
1227 1254 1312 1320 Inter
1339 1254 1620 1341 oppugnationem

310 1355 431 1420 mortui
454 1359 590 1420 matrem
614 1358 646 1420 et
663 1353 806 1442 filiamV)
824 1358 862 1420 ut
880 1354 1007 1420 solebat
1025 1375 1081 1419 rex
1101 1353 1183 1418 bene
1201 1352 1331 1438 recepit.
1373 1357 1513 1418 ceterum
1532 1352 1621 1418 inter

311 1452 529 1518 obsessionem
558 1453 649 1518 urbis
676 1457 780 1518 totam
807 1452 924 1538 viginti
951 1456 1079 1517 tantum
1107 1451 1249 1536 quinque
1275 1451 1465 1517 Macedones
1495 1451 1619 1516 milites

310 1551 481 1616 desiderati
505 1555 588 1617 sunt.

399 1649 552 1735 Reliquas
585 1671 713 1735 quoque
745 1649 855 1736 urbes,
888 1671 967 1734 quas
994 1649 1028 1714 in
1056 1648 1187 1714 barbari
1215 1649 1439 1737 confugerant,
1471 1649 1621 1715 celeriter

310 1771 384 1814 cum
416 1770 491 1813 suae
524 1747 659 1813 dicionis
691 1748 794 1813 facere
826 1747 923 1812 vellet
952 1745 1134 1812 Alexander
1162 1746 1304 1813 Coenum
1331 1745 1489 1836 Bazira⁷⁶)
1518 1747 1620 1829 misit,

224 1877 227 1886 ·
309 1846 431 1912 incolas
459 1846 547 1911 illius
575 1845 679 1932 urbis,
708 1846 875 1933 Massagae
903 1845 1033 1934 cognIta
1060 1847 1298 1933 expugnatione
1326 1869 1360 1912 se
1389 1846 1519 1912 daturos
1546 1869 1620 1912 esse

309 2075 369 2114 erse
388 2059 561 2114 Assacenum
580 2063 609 2115 et
627 2077 722 2131 regem
740 2058 922 2129 Aspasiorum
941 2058 990 2128 qui
1005 2057 1123 2112 Arriano
1141 2061 1214 2113 teste
1233 2064 1258 2128 4,
1273 2065 1316 2127 24,
1331 2065 1347 2112 4
1363 2077 1402 2128 sq.
1422 2059 1619 2114 aPtolemaeo

309 2129 474 2186 interfectus
494 2134 562 2186 erat.
599 2149 667 2186 nam
686 2132 785 2186 ducem
803 2131 996 2200 Massagorum
1011 2146 1067 2184 non
1081 2131 1255 2200 hyparchum
1270 2130 1418 2199 nominari,
1433 2147 1488 2200 quo
1503 2131 1620 2186 nomine

311 2203 402 2256 soleat
420 2202 555 2257 Arrianus
578 2203 692 2257 illarum
714 2202 860 2274 regionum
882 2201 1024 2272 principes
1048 2201 1204 2272 appellare,
1227 2202 1276 2257 sed
1294 2201 1418 2272 ἡγεμόνα
1436 2205 1547 2256 tantum
1566 2213 1619 2258 τοῦ

312 2271 414 2343 χωρίου
433 2275 504 2344 (Arr.
524 2281 549 2342 4,
565 2281 607 2334 27.
622 2277 658 2344 2),
677 2292 740 2328 cum
759 2273 941 2343 Aspasiorum
960 2290 1007 2327 rex
1027 2274 1063 2327 ab
1082 2273 1181 2327 eodem
1199 2272 1324 2342 ὕπαρχος
1343 2276 1378 2343 (4,
1393 2279 1435 2343 24,
1451 2276 1477 2345 1)
1497 2291 1620 2330 comme-

310 2348 442 2400 moretur.
480 2345 529 2400 sed
549 2345 653 2400 oblitus
672 2348 727 2412 est,
746 2345 866 2399 eundem
884 2344 1034 2399 Arrianum
1052 2345 1227 2414 hyparchum
1250 2343 1331 2399 illum
1354 2353 1378 2414 4,
1394 2352 1436 2413 24,
1452 2352 1468 2399 3
1491 2346 1620 2415 ἡγεμόνα

308 2425 363 2540 Erpa
381 2417 469 2542 raptrp
486 2415 581 2542 ’vapp
601 2416 752 2487 appellare.
789 2433 875 2485 quare
894 2419 969 2472 recte
988 2415 1058 2470 mihi
1072 2415 1186 2486 quidem
1200 2415 1324 2486 Droysen
1339 2416 1478 2472 iudicasse
1493 2417 1620 2476 ridetur:

348 2505 392 2542 ern
431 2505 501 2543 aeo
573 2505 647 2544 rano.

405 2563 448 2629 74)
468 2559 521 2613 tali
539 2560 623 2614 modo
637 2559 773 2615 Arrianus
792 2559 861 2614 satis
879 2559 1067 2629 probabiliter
1084 2575 1143 2614 rem
1156 2559 1288 2614 narravit.
1321 2559 1460 2616 Diodorus
1474 2561 1558 2626 XVII,
1573 2566 1620 2632 84,

309 2630 389 2685 cuius
408 2630 473 2685 inde
493 2631 529 2685 ab
548 2631 601 2684 hac
620 2648 650 2685 rc
669 2635 749 2702 gesta
767 2632 903 2686 habemus
923 2630 1139 2700 descriptionem
1161 2631 1231 2685 belli
1253 2631 1343 2685 Indici
1361 2632 1528 2702 Alexandri,
1552 2651 1620 2689 cum

308 2701 798 2843 nitalstettiltttffitti
811 2702 1059 2828 adstitit
1077 2706 1384 2829 ''itimdlmstrltm
1396 2703 1460 2830 ili
1477 2705 1618 2846 itti*

310 2845 435 2899 canarios
464 2853 628 2916 aggressum
656 2862 728 2913 esse,
756 2863 928 2915 quamquam
955 2847 1041 2900 antea
1068 2863 1131 2899 cum
1145 2793 1213 2900 yillis
1241 2794 1462 2916 pactusgess'eu'
1482 2847 1618 2916 Indisque

309 2916 486 2985 respondisse
508 2917 704 2986 querentibus,
732 2917 901 2972 concessisse
929 2933 958 2970 se
981 2920 1014 2972 ut
1037 2917 1187 2972 evaderent
1209 2933 1244 2970 ex
1265 2919 1348 2985 urbe,
1376 2936 1433 2974 non
1456 2922 1489 2973 ut
1510 2919 1618 2989 integri

310 2987 424 3042 domum
437 2987 569 3044 redirent.
597 2991 743 3058 praeterea
757 2988 929 3058 reliquorum
942 2988 1074 3044 Indorum
1088 2988 1159 3042 iram
1174 2988 1324 3044 excitasset
1332 2989 1492 3045 Alexander
1503 2989 1616 3046 iustam.

309 3074 345 3112 ne
363 3058 434 3111 illud
453 3059 596 3115 omittam:
615 3063 678 3114 tota
696 3061 731 3116 de
769 3077 846 3130 ugna
860 3060 911 3114 illa
924 3059 1042 3114 Diodori
1055 3059 1182 3115 narratio
1196 3059 1315 3114 nimium
1330 3060 1429 3116 similis
1450 3062 1616 3132 estproeliis

309 3130 503 3210 Romanorum.
522 3148 585 3185 cum
604 3131 722 3186 Cimbris
745 3079 936 3201 lectorisque
960 3147 1110 3199 eorumque
1133 3129 1244 3186 feminis
1263 3131 1346 3186 factis
1365 3133 1411 3202 (cf.
1430 3133 1515 3200 XVII,
1535 3136 1616 3204 84,5,)

309 3203 342 3254 ut
364 3201 434 3254 mihi
457 3202 571 3271 quidem
593 3203 742 3273 probabile
761 3203 811 3270 sit,
835 3206 901 3257 ante
924 3202 1000 3257 bella
1019 3202 1069 3256 illa
1092 3203 1226 3273 scriptam
1249 3219 1312 3258 eam
1330 3221 1387 3258 non
1406 3221 1474 3260 esse.
1510 3204 1617 3260 iamet

310 3272 421 3327 Curtius
440 3273 512 3344 VHl,
533 3280 610 3342 10,33
631 3277 659 3328 et
677 3274 817 3329 Diodorus
835 3275 921 3342 XVII,
941 3279 1000 3343 84,l
1020 3277 1053 3328 ut
1070 3274 1193 3344 videtur,
1213 3275 1288 3343 quod
1308 3275 1443 3344 afferunt,
1467 3293 1530 3330 cum
1553 3276 1616 3346 ipsa

309 3343 384 3414 regis
407 3347 497 3399 matre
520 3348 636 3416 pactum
659 3363 719 3400 esse
738 3346 929 3401 Alexandrum
954 3345 1012 3400 veri
1035 3345 1171 3400 dissimile
1199 3349 1253 3415 est,
1282 3364 1346 3400 cum
1369 3347 1504 3401 Arrianus
1532 3347 1616 3402 claris

309 3415 401 3470 verbis
416 3415 533 3486 indicet,
548 3417 641 3487 ipsam
658 3418 757 3472 urbem
772 3417 860 3471 caesis
870 3417 946 3471 indis
960 3417 1139 3472 mercenariis
1153 3434 1213 3472 esse
1228 3420 1348 3487 captam.
1380 3418 1410 3472 in
1421 3418 1616 3475 coniunctione

310 3487 1616 3631 ιιιιιιιιιιιιιιιιιιιιιιιιιιιι

311 3630 508 3686 commercium
536 3633 674 3703 cognorIt.
720 3649 756 3688 ne
783 3631 944 3686 nominibus
972 3631 1086 3701 quidem
1118 3631 1160 3686 ita
1188 3630 1308 3686 multum
1329 3631 1466 3686 differunt
1492 3580 1615 3704 riginee,

310 3718 429 3768 quarum
452 3720 509 3757 una
533 3703 693 3774 Cleophis,
719 3704 809 3758 altera
828 3703 994 3774 Cleopatra
1021 3705 1174 3757 vocaretur.
1222 3705 1346 3758 ceterum
1372 3720 1473 3758 nornen
1501 3703 1616 3775 reginae

311 3772 459 3842 Cleophis
479 3775 612 3830 admonet
629 3791 680 3829 nos
700 3775 735 3830 de
753 3775 928 3844 Nysaeorum
947 3775 1018 3829 duce
1035 3773 1160 3844 Acuphi
1183 3776 1213 3830 et
1230 3773 1393 3829 Taxilarum
1411 3792 1477 3846 rege
1496 3776 1614 3846 Mophi.

401 3857 445 3921 75)
464 3855 499 3908 de
513 3854 573 3908 filia
586 3857 664 3910 tacet
678 3855 789 3910 Curtius
807 3856 879 3923 VIII,
896 3861 955 3922 10,3
971 3859 986 3908 5
1001 3853 1079 3908 novit
1094 3856 1189 3908 autem
1203 3853 1291 3907 filium
1305 3869 1430 3923 parvum,
1449 3858 1545 3910 tamen
1558 3873 1615 3910 non

310 3924 400 3978 audeo
418 3942 469 3994 pro
488 3925 601 3980 Arriani
619 3927 676 3997 (IV,
695 3930 766 3996 274)
785 3926 836 3995 τὴν
855 3930 944 3981 παῖδα
963 3924 1113 3996 corrigere:
1132 3926 1181 3980 τὸν
1200 3928 1298 3979 παῖδα.
1335 3925 1393 3980 iam
1407 3927 1432 3980 si
1446 3926 1615 3996 quaerimus,

309 3995 384 4049 unde
403 3995 579 4067 Timagenes,
597 4014 664 4051 nam
682 3996 728 4050 hic
747 3997 882 4052 historiae
900 3997 977 4052 illius
993 3997 1027 4050 de
1041 3995 1156 4066 reginae
1171 3999 1200 4050 et
1213 3995 1366 4050 Alexandri
1381 3998 1532 4052 concubitu
1541 3998 1616 4067 (vide

310 4066 398 4120 etiam
425 4068 492 4122 lust.
518 4068 582 4137 XII,
607 4071 632 4137 7)
660 4068 768 4122 relatae
796 4070 893 4122 auctor
920 4067 1031 4122 videtur
1057 4067 1156 4136 fuisse,
1184 4067 1372 4150 probabiliter
1402 4069 1483 4123 illam
1510 4071 1616 4150 fingere

309 4137 447 4208 potuerit,
475 4138 620 4193 videamus
649 4137 775 4193 Curtium
802 4138 876 4206 VIII,
897 4144 985 4205 10,35:
1014 4139 1091 4208 ipsa
1119 4139 1265 4208 genrbus
1293 4139 1384 4210 regis
1407 4157 1511 4210 parvo
1535 4141 1615 4197 frlio

308 4210 453 4264 'admoto
471 4227 537 4263 non
555 4210 687 4264 veniam
706 4210 803 4264 modo
823 4209 1006 4264 sedetiam
1028 4209 1203 4280 pristinae
1226 4210 1389 4265 fortunae
1413 4211 1616 4281 impetravit

310 4281 421 4334 decus.
458 4297 507 4334 rex
530 4298 647 4350 parvum
669 4280 758 4335 filiurn
782 4281 819 4335 ad
842 4297 871 4334 se
895 4281 1056 4336 sumserit:
1085 4281 1167 4350 quasi
1191 4298 1254 4336 eum
1278 4299 1430 4352 agnoscere
1452 4282 1614 4351 videbatur,

310 4351 378 4406 inde
396 4369 491 4406 rumor
510 4354 621 4406 exortus
641 4351 686 4406 sit.
724 4352 793 4420 quid
812 4351 933 4422 denique
952 4299 1082 4407 deludis
1101 4353 1283 4423 cogitandum
1301 4356 1376 4408 esset
1394 4353 1443 4422 qui
1462 4354 1614 4410 Alexandri

309 4422 407 4493 Magni
432 4439 465 4476 ex
489 4425 573 4494 gente
595 4425 677 4477 natos
700 4423 784 4478 hodie
808 4440 919 4494 quoque
943 4441 971 4479 se
994 4427 1098 4494 putant
1115 4424 1160 4478 vel
1178 4424 1232 4479 orti
1251 4441 1311 4479 esse
1330 4425 1367 4478 ab
1387 4424 1451 4478 aliis
1469 4428 1614 4495 putantur,

309 4495 381 4548 bene
400 4495 530 4564 exposuit
547 4493 699 4564 Biddnlph,
718 4494 781 4549 vide
800 4495 939 4550 Schuffcrt
957 4514 983 4565 p.
1005 4501 1045 4550 15.

400 4567 444 4635 76)
463 4566 498 4619 de
521 4565 604 4619 huius
627 4566 705 4621 urbis
729 4567 785 4622 situ
808 4567 872 4622 vide
890 4583 963 4636 quae
981 4585 1014 4621 su
1034 4584 1066 4622 ra
1084 4567 1249 4638 scripserim.
1287 4567 1363 4638 quod
1381 4584 1482 4623 nomen
1501 4568 1614 4635 attinet,

309 4635 445 4717 Arrianus
468 4637 604 4703 Bazira,
630 4641 727 4694 auctor
749 4638 889 4694 itinerarii
911 4586 1104 4709 Baziplrara
1127 4655 1189 4694 eam
1211 4641 1302 4694 vocat.
1344 4638 1444 4694 Bazira
1468 4639 1557 4710 possit
1580 4657 1613 4695 ex

309 4707 466 4778 Bazrphara
485 4711 659 4765 contractum
678 4727 746 4782 esse,
765 4713 798 4767 ut
814 4711 915 4782 Bajore
935 4710 1055 4782 exempli
1074 4728 1172 4778 caussa
1191 4727 1224 4766 ex
1242 4709 1399 4781 Badjawar.
