3506 5306
699 318 941 382 -103-

253 493 326 580 Ipse
348 494 530 562 Alexander
557 518 629 562 cum
655 501 821 562 cenassent
847 498 967 562 milites
991 501 1022 562 et
1045 520 1147 581 usque
1170 498 1210 562 ad
1234 499 1371 583 primam
1395 499 1476 586 vigi-

159 593 240 656 liam
279 594 476 676 quievissent
512 595 675 679 profectus
710 598 813 658 totam
850 619 907 678 per
943 599 1071 661 noctem
1104 598 1261 680 processit
1294 619 1475 682 magnoque

159 691 278 755 itinere
311 691 370 755 sub
403 693 508 757 lucem
542 692 581 756 ad
609 691 780 776 Hyarotim
813 693 948 758 fluvium
977 717 994 758 e
1021 693 1151 780 regione
1183 693 1355 778 Fatihpur
1386 696 1475 760 urbis

160 789 266 872 venit,
294 789 349 853 ubi
378 791 535 874 plurimos
559 789 731 854 Mallorum
760 791 895 855 fluvium
924 793 987 856 iam
1012 814 1176 876 superasse
1200 794 1367 878 cognovit3
1395 794 1475 858 alios

161 888 421 952 transmittentes
461 889 495 951 in
536 889 607 972 ipso
645 889 726 953 vado
769 910 939 974 aggressus
977 891 1150 954 maximam
1187 895 1310 974 partem
1349 892 1474 954 occidit.

159 985 291 1069 iamque
317 986 485 1050 confestim
509 987 578 1070 ipse
601 987 713 1051 eodem
737 987 818 1051 vado
842 988 992 1051 traiciens
1016 989 1173 1072 impetum
1196 989 1274 1052 fecit
1292 989 1327 1052 in
1345 1010 1400 1053 eos
1420 989 1475 1072 qui

158 1087 257 1148 antea
275 1085 466 1170 transgressi
485 1087 583 1148 erant.
617 1107 754 1168 quorum
774 1085 868 1148 multi
889 1086 981 1169 caesi,
1001 1087 1094 1150 multi
1114 1087 1199 1170 capti
1214 1090 1297 1150 sunt.
1330 1087 1475 1170 plerique

158 1184 272 1246 tamen
299 1182 334 1245 in
361 1182 518 1266 oppidum
546 1185 578 1247 et
606 1204 702 1266 opere
730 1186 763 1246 et
789 1187 904 1246 natura
931 1184 1093 1248 munitum
1122 1206 1155 1250 se
1177 1205 1333 1268 recepere.
1379 1189 1476 1267 atque

159 1279 195 1342 in
220 1281 280 1344 hos
303 1302 368 1364 rex,
391 1285 564 1364 postquam
587 1280 711 1364 pedites
735 1281 942 1364 advenerunt,
962 1319 1002 1326 —-
1022 1296 1097 1346 nam
1121 1283 1191 1366 ipse
1216 1303 1288 1346 cum
1312 1282 1475 1366 equitibus

159 1381 291 1442 tantum
323 1379 433 1443 hostes
465 1378 633 1464 fugaverat
657 1417 709 1461 -—‚
732 1377 905 1443 Pithonem
938 1380 1040 1444 mittit
1073 1401 1145 1444 cum
1179 1381 1303 1445 duabus
1331 1381 1476 1464 equitum

158 1476 371 1560 hipparchiis.
419 1499 501 1560 quae
529 1477 634 1560 primo
663 1477 787 1560 impetu
811 1477 967 1561 oppidum
991 1482 1185 1564 expugnant.
1228 1501 1339 1544 omnes
1363 1479 1477 1562 quiin

160 1595 234 1638 eam
268 1575 491 1660 confugerant,
524 1575 666 1659 exceptis
699 1576 755 1658 qui
785 1576 820 1638 in
847 1577 1085 1662 expugnatione
1114 1577 1196 1641 caesi
1225 1582 1313 1660 sunt,
1340 1578 1474 1642 veniere.

159 1673 232 1756 ipse
255 1673 377 1737 interea
395 1672 577 1738 Alexander
600 1674 634 1736 in
652 1671 909 1738 Brahmanorum
929 1676 1088 1758 quandam
1107 1675 1220 1739 urbem
1240 1675 1382 1758 duxerat,
1402 1696 1475 1739 curn

159 1771 196 1834 in
219 1771 303 1835 hanc
327 1793 455 1854 quoque
474 1771 589 1836 Mallos
611 1793 644 1836 se
663 1771 796 1836 vertisse
816 1773 935 1836 multos
955 1767 1192 1858 audivisset.³²⁸)
1226 1773 1266 1836 ad
1285 1794 1382 1854 quam
1401 1793 1475 1837 curn

159 1869 312 1952 venisset,
331 1870 462 1934 densam
486 1869 630 1953 peditum
654 1871 754 1934 aciem
773 1869 1026 1953 undiquemuro
1046 1871 1187 1954 adduxit,
1205 1874 1303 1953 atque
1323 1871 1476 1954 oppidani

161 1988 237 2031 cum
262 1990 390 2032 mamm
410 1968 527 2032 suffodi
546 1972 776 2054 cognoscerent
799 1968 925 2051 ipsique
943 1969 1016 2032 telis
1036 1969 1127 2033 valde
1146 1973 1376 2052 premerentur,
1399 1990 1476 2033 mox

161 2089 293 2130 murum
321 2067 508 2149 relinquunt
531 2067 628 2149 inque
652 2088 757 2131 arcem
781 2066 911 2152 fugiunt
935 2089 1031 2150 quam
1056 2067 1238 2131 defendunt.
1284 2067 1475 2150 quibuscum

160 2163 375 2229 Macedonum
402 2166 499 2248 pauci
525 2187 590 2229 una
617 2165 651 2228 in
679 2186 784 2230 arcem
813 2169 1068 2247 penetraverunt.
1120 2187 1194 2230 cum
1222 2171 1332 2229 tamen
1359 2187 1474 2249 parurn

161 2263 259 2326 multi
283 2263 322 2326 ad
345 2264 488 2327 hostium
511 2285 681 2327 numerum
706 2266 820 2346 essent,
843 2263 957 2346 pedem
981 2263 1098 2327 referre
1122 2264 1225 2328 coacti
1249 2267 1331 2327 sunt.
1379 2267 1475 2346 atque

161 2361 280 2446 viginti
304 2361 445 2445 quinque
469 2362 574 2426 occisi.
621 2362 685 2426 iam
710 2383 841 2426 suorum
870 2364 1010 2446 stragem
1032 2359 1215 2425 Alexander
1237 2362 1363 2425 ulturus
1388 2362 1476 2425 omni

162 2481 202 2523 ex
226 2463 318 2542 parte
342 2461 445 2524 scelos
469 2459 636 2524 moenibus
661 2459 741 2523 arcis
766 2460 859 2524 iussit
882 2459 1045 2524 admoveri
1069 2459 1259 2543 moeniaque
1283 2459 1406 2523 suffodi.
1444 2463 1476 2522 et

161 2561 254 2640 parte
278 2557 415 2622 suffossa
438 2558 602 2623 moenium
626 2561 658 2622 et
681 2559 779 2622 turris
804 2558 943 2622 concidit
963 2561 995 2620 et
1018 2579 1092 2640 pars
1116 2558 1293 2622 interturrii
1317 2557 1476 2641 pertracta

163 2661 225 2720 est:
259 2656 315 2719 ubi
339 2677 411 2720 oum
435 2657 562 2720 facilius
582 2679 639 2720 arx
662 2656 742 2720 adiri
765 2661 884 2739 posset,
907 2657 976 2739 ipse
999 2657 1123 2738 primus
1149 2656 1292 2720 ascendit
1317 2657 1476 2738 ceterique

162 2753 353 2819 Macedones
378 2755 433 2818 alii
457 2755 519 2819 alio
543 2757 616 2819 loco
640 2776 752 2838 arcem¹
771 2755 996 2818 conscendunt.
1030 2758 1213 2839 expugnata
1231 2755 1277 2818 ita
1296 2755 1410 2820 acriter
1431 2777 1476 2838 ea,

162 2851 317 2916 Indorum
349 2875 423 2936 pars
457 2854 601 2917 aedificia
628 2853 910 2916 inflammaverunt
937 2853 1035 2934 inque
1062 2853 1127 2916 illis
1155 2853 1218 2936 ipsi
1246 2853 1365 2916 mortui
1393 2857 1475 2917 sunt.

163 2951 309 3034 plerique
328 2954 437 3014 tamen
455 2952 539 3016 inter
557 2951 765 3036 pugnandum
786 2952 899 3015 necati.
933 2951 1097 3034 perierunt
1116 2955 1223 3015 autem
1243 2952 1475 3028 inuniversum

164 3049 306 3132 quinque
331 3049 429 3132 milia,
453 3050 518 3114 riri
538 3050 579 3113 ob
598 3049 821 3113 tortitudinem
840 3049 935 3131 pauci
955 3049 1049 3132 capti.
1084 3049 1259 3113 exercitum
1278 3053 1315 3113 ut
1333 3050 1477 3113 reficeret

163 3169 265 3210 unum
288 3147 356 3211 illic
380 3147 463 3211 diem
487 3146 670 3211 Alexander
693 3151 836 3211 moratus
861 3151 922 3231 est3
945 3151 1075 3230 postero
1100 3147 1150 3211 die
1169 3148 1203 3210 in
1225 3148 1366 3231 reliquos
1387 3147 1477 3211 duxit

163 3244 280 3308 Mallos
313 3244 488 3308 secundum
521 3243 693 3328 Hyarotim
730 3245 764 3308 in
801 3245 930 3309 sinistra
962 3245 1104 3308 fluminis
1141 3247 1212 3330 ripa
1238 3247 1333 3310 ¹circa
1365 3246 1476 3309 urbem

163 3343 357 3407 nostratium
377 3341 669 3406 Tsohitschawutni
691 3343 882 3407 habitantes.
925 3347 1021 3427 atque
1044 3344 1139 3408 urbes
1163 3345 1306 3430 repperit
1338 3344 1478 3408 desertas

164 3441 286 3505 incolas
305 3441 340 3504 in
357 3441 522 3526 regionem
542 3441 699 3505 desertam
719 3445 906 3524 vastamque
925 3442 1088 3527 aufugisse
1109 3443 1261 3528 cognovit
1279 3444 1364 3506 intra
1383 3442 1477 3506 urbes

165 3537 455 3604 Tschitschawutni
487 3543 519 3602 et
546 3537 672 3602 Multan
709 3536 880 3626 sicambe:
912 3562 1086 3623 rursusque
1113 3542 1208 3604 unius
1240 3541 1302 3604 diei
1336 3541 1476 3623 quietem

164 3636 346 3701 Alexander
378 3637 561 3701 condonans
596 3638 752 3702 militibus
790 3639 890 3702 altero
924 3638 974 3702 die
1006 3637 1178 3702 Pithonem
1211 3642 1243 3702 et
1275 3637 1476 3708 Demetrium

164 3735 378 3819 hipparchum
403 3757 475 3800 cum
500 3737 565 3800 suis
590 3736 745 3799 militibus
769 3735 935 3818 leviusque
963 3741 1160 3800 armatorum
1188 3736 1369 3822 legionibus
1394 3741 1474 3820 quot

161 3835 242 3898 satis
265 3833 456 3898 ridebantur
479 3835 636 3899 adiunctis
666 3834 705 3898 ad
727 3855 854 3898 amnem
878 3835 1014 3918 remisit,
1043 3835 1099 3918 qui
1123 3834 1162 3898 ad
1185 3836 1289 3918 ripam
1313 3836 1476 3920 progressi

253 4031 316 4098 333)
335 4027 532 4098 Ounningham
550 4047 576 4098 p.
593 4034 644 4082 228
659 4029 897 4082 Brachmanorum
915 4027 1014 4082 urbem
1032 4045 1095 4082 eam
1113 4045 1174 4082 esse
1190 4032 1282 4098 putat,
1302 4045 1375 4096 quae
1388 4028 1473 4082 hodie

166 4099 247 4153 Arari
270 4100 432 4153 nominatur
454 4101 513 4170 (the
537 4100 584 4154 old
608 4099 708 4154 ruined
730 4102 806 4154 town
830 4099 886 4153 and
909 4099 966 4154 fort
989 4100 1021 4157 of
1036 4101 1135 4172 Atari).
1174 4100 1320 4170 probabile
1340 4103 1425 4168 esset,
1454 4101 1478 4171 si

167 4171 317 4224 Mallorum
344 4172 411 4225 urbs
434 4171 464 4224 in
488 4188 545 4240 qua
567 4188 616 4224 rex
638 4171 738 4225 vulnus
764 4171 888 4240 accepit,
916 4171 1027 4225 Multan
1051 4175 1137 4240 esset;
1165 4173 1240 4242 quod
1265 4190 1327 4226 cum
1350 4171 1478 4240 negarim

167 4241 283 4311 (uinfra
302 4242 444 4312 (3111325),
463 4259 498 4296 ne
517 4243 598 4297 Arari
618 4243 732 4312 quidem
750 4242 830 4296 illam
844 4241 1066 4297 Brahmanorum
1084 4245 1183 4298 urbem
1201 4243 1288 4297 fuisse
1302 4242 1477 4312 putabimus:

168 4316 243 4367 errat
265 4317 412 4382 praeterea
435 4313 632 4384 Ounningham
655 4313 771 4368 Diodori
790 4313 875 4381 XVII,
891 4319 965 4382 96‚4
989 4313 1134 4384 Curtiique
1152 4315 1199 4382 IX,
1214 4321 1269 4383 4,6
1293 4315 1392 4368 urbem
1415 4331 1479 4368 cum

167 4385 221 4438 hac
249 4401 422 4454 comparans.
459 4385 579 4439 fortasse
597 4386 726 4454 Harrapa
748 4385 918 4440 nostratium
941 4387 1008 4440 urbs
1032 4386 1082 4456 illa
1101 4387 1323 4440 Brahmanorum
1346 4388 1407 4440 erat
1430 4389 1480 4438 aut

168 4472 255 4526 prope
275 4472 337 4510 eam
356 4456 517 4526 quaerenda
536 4460 586 4512 est.

257 4532 320 4598 324)
339 4527 357 4596 ἡ
381 4529 482 4598 ἔρημος
500 4545 572 4598 quae
591 4529 628 4582 ab
647 4527 765 4582 Arriam
785 4527 831 4596 VI,
847 4533 901 4594 8,1
922 4533 1140 4584 commemorata
1159 4533 1214 4598 est,
1238 4546 1272 4584 ea
1291 4532 1347 4597 est,
1371 4545 1443 4598 quae
1462 4546 1480 4582 a

168 4598 279 4652 Multan
306 4600 375 4653 urbe
399 4601 436 4653 ad
460 4598 596 4654 orientem
619 4616 649 4654 se
668 4599 802 4654 extendit.
841 4600 875 4653 cf.
890 4599 1009 4654 Burnes:
1038 4602 1130 4672 tiatira
1144 4602 1170 4654 II
1188 4620 1214 4671 p.
1231 4607 1296 4668 601,
1324 4601 1480 4670 Hertzberg

168 4671 193 4723 ΙΙ
211 4689 238 4740 p.
255 4677 313 4726 309,
348 4672 377 4723 in
396 4671 476 4725 illam
494 4671 637 4741 regionem
657 4671 798 4725 desertam
816 4670 926 4723 incolae
940 4671 1073 4740 Hyarotis
1093 4673 1170 4743 fluvii
1185 4673 1256 4726 bene
1271 4690 1300 4726 se
1314 4679 1480 4741 receperunt

168 4742 328 4796 Alexandro
348 4744 383 4796 ab
401 4743 531 4812 Harrapa
549 4743 618 4796 urbe
638 4744 667 4795 in
686 4742 861 4796 occidentem
879 4743 1056 4810 procedente.
