3496 5308
681 337 904 404 -59-

136 515 355 583 Alexandrum
387 513 629 602 reddiderat.1⁷⁶)
675 539 694 580 a
722 538 786 600 quo
818 538 886 581 non
917 517 1013 581 modo
1046 517 1081 581 in
1112 541 1248 604 regnum
1277 519 1447 584 restitutus

137 620 186 682 est
209 615 393 700 pristinum,
422 613 477 678 sad
507 614 585 678 alias
608 615 756 700 regiones
779 615 940 680 veteribus
963 617 1099 682 maiores
1124 622 1236 700 postea
1259 615 1446 705 accepit.¹⁷⁷)

226 711 265 778 In
296 735 406 798 pugna
438 715 535 796 atque
567 713 602 776 in
632 713 711 799 fuga
742 711 895 778 Indorum
928 713 1073 798 peditum
1106 736 1172 779 non
1204 717 1308 780 multo
1341 717 1448 782 minus

137 812 253 898 viginti
285 811 396 894 millia,
425 811 570 895 equitum
599 811 661 875 tria
689 831 780 876 caesa
808 815 891 876 sunt.
938 833 1049 877 currus
1078 834 1189 878 omnes
1220 815 1349 898 concisi,
1370 814 1447 879 Pori

137 912 200 974 duo
229 910 289 974 filii
317 909 478 974 interfecti
506 912 538 972 et
561 907 714 974 Indorum
745 910 809 974 illis
836 910 916 976 locis
940 909 1156 974 habitantium
1179 913 1354 976 nomarcha
1378 910 1448 997 Spi-

136 1005 292 1094 taces¹⁷⁸),
315 1029 412 1092 porro
432 1006 677 1090 elephantorum
697 1028 889 1091 currumque
907 1013 1057 1092 rectores,
1075 1009 1220 1092 peditum
1239 1011 1448 1094 equitumque

138 1107 234 1172 duces
268 1127 389 1170 omnes.
436 1105 522 1189 capti
554 1103 780 1190 permuln1⁷⁹),
813 1107 909 1170 etiam
942 1106 1119 1190 elephanti,
1152 1111 1232 1190 quot
1262 1109 1390 1192 quidem
1414 1110 1448 1173 in

137 1227 247 1292 pugna
271 1204 355 1269 caesi
377 1225 445 1267 non
468 1207 565 1267 erant.
612 1225 652 1268 ex
674 1201 850 1268 Alexandri
873 1201 1113 1291 peditibus¹⁸⁰),
1141 1205 1197 1289 qui
1224 1206 1364 1289 primum
1388 1209 1449 1272 ele

136 1304 332 1389 phantorum
356 1301 513 1385 impetum
537 1301 738 1367 sustinebant
753 1339 796 1347 —
811 1306 902 1366 erant
923 1325 979 1367 sex
998 1303 1100 1366 millia
1118 1303 1380 1388 hypaspistarum
1397 1342 1448 1388 -,

137 1401 304 1486 octoginta
328 1421 488 1464 summum
517 1399 634 1482 necati,
663 1421 702 1463 ex
726 1397 848 1464 Crateri
871 1401 972 1485 igitur
994 1400 1213 1486 Meleagrique
1236 1401 1393 1466 militibus
1417 1407 1449 1466 et

136 1501 250 1564 leviter
272 1497 403 1562 armatis
426 1498 534 1561 nullus
558 1501 614 1561 aut
638 1502 723 1562 certe
741 1520 808 1562 non
830 1499 933 1562 multi.
980 1499 1221 1584 sagittariorum
1243 1501 1449 1583 equestrium,

139 1598 194 1682 qui
227 1597 305 1660 item
333 1594 430 1680 primi
453 1617 595 1680 pugnam
619 1595 739 1660 initiati
763 1601 851 1680 sunt,
875 1597 997 1682 decem,
1020 1597 1197 1662 amicorum
1222 1598 1366 1680 equitum
1390 1600 1448 1663 cir·
1481 1683 1484 1688 .
1583 1626 1584 1630 ¹

137 1697 216 1760 citer
247 1694 377 1780 viginti,
413 1693 611 1777 reliquorum
642 1693 708 1758 fere
742 1691 935 1780 ducenti.¹⁸¹)
986 1696 1146 1760 uulnerati
1178 1718 1254 1760 sane
1286 1699 1447 1780 permulti.

137 1827 350 1840 ——-——-—--

226 1898 287 1967 176)
305 1895 441 1965 Arrianus
460 1895 536 1964 quod
555 1893 588 1962 V,
605 1901 664 1964 193
684 1895 808 1966 scripsit:
837 1899 939 1965 Πῶρον
958 1895 989 1953 a
1008 1893 1221 1965 ἀποκρίνασθαι
1239 1896 1320 1967 λόγος
1339 1897 1449 1952 indicat

135 1985 226 2038 nequa
249 1984 283 2022 ex
301 1966 464 2020 Aristobulo
486 1981 578 2034 neque
602 1982 635 2020 ex
653 1966 814 2021 Ptolemaeo
838 1967 909 2022 haec
933 1969 1082 2038 desumpta
1106 1985 1173 2022 esse.
1212 1969 1262 2022 sed
1281 1986 1345 2023 cum
1362 1970 1448 2024 verba

136 2041 193 2095 sint
214 2055 281 2110 rege
303 2038 370 2092 lorti
394 2055 427 2092 ac
449 2037 630 2107 magnanimo
654 2039 833 2108 dignissima,
853 2056 953 2094 caussa
971 2057 1028 2094 non
1046 2042 1097 2108 est,
1117 2057 1166 2093 cur
1184 2039 1242 2094 illis
1260 2040 1345 2094 fidem
1364 2042 1448 2095 dene-

135 2128 240 2183 gemus.
282 2109 450 2164 Plutarchus
479 2109 578 2163 eadem
605 2109 664 2164 fere
692 2111 802 2178 attulit,
826 2112 875 2165 sed
898 2128 955 2166 non
978 2111 1036 2166 iam
1059 2128 1093 2166 ex
1118 2111 1253 2180 ‘epistula
1272 2111 1446 2166 Alexandri’.

135 2183 198 2238 vide
220 2182 268 2236 vit.
284 2182 327 2235 Al.
344 2199 366 2235 c.
382 2186 424 2234 60.
466 2197 533 2234 nam
556 2181 677 2236 ethaeo
703 2184 732 2236 et
759 2199 832 2251 quae
857 2184 941 2237 antea
969 2183 1004 2238 de
1032 2181 1183 2252 elephanto
1211 2183 1294 2237 addit
1321 2200 1354 2237 ex
1382 2184 1447 2238 aliis

135 2254 317 2325 scriptoribus
337 2255 450 2322 sumpta
469 2269 529 2306 esse
549 2251 641 2306 clucet
659 2269 693 2306 ex
711 2254 802 2308 verbis
821 2253 894 2308 eius:
914 2262 1003 2308 ταῦτα
1022 2257 1106 2324 (quae
1126 2255 1307 2324 antecedunt)
1326 2253 1377 2323 μὲν
1397 2252 1448 2310 οὖν

135 2326 218 2396 ὁτῆς
243 2324 332 2396 μάχης
353 2322 471 2393 ποιητὴς
493 2323 578 2387 αὐτὸς
601 2323 631 2379 ἐν
654 2333 716 2386 ταῖς
739 2324 895 2388 ἐπιστολαῖς
918 2325 1040 2394 εἰρηκει·
1070 2325 1096 2380 oi
1116 2324 1148 2380 dt
1167 2329 1290 2380 πλεῖστοι
1308 2336 1363 2382 τῶν
1383 2343 1447 2397 σογ-

134 2395 266 2524 nnat
284 2393 1167 2538 lllltltn'tntltdhtffialititunt.
1180 2397 1283 2522 till
1297 2414 1448 2523 tran

135 2542 278 2596 fortunam
301 2541 432 2608 expertus
456 2538 495 2590 sit
517 2539 632 2608 cognita
654 2511 754 2592 reium’
772 2539 807 2593 ab
826 2539 986 2594 Alexandro
1010 2543 1154 2610 gestarum
1177 2539 1254 2594 fama
1278 2512 1364 2610 atque
1392 2541 1448 2594 cle-

135 2612 242 2667 mentia
261 2611 291 2664 in
310 2600 445 2664 Taxilem.
484 2609 530 2662 cni
544 2609 647 2664 Porum
665 2610 754 2665 libere
773 2611 963 2680 respondisse:
985 2612 1138 2666 ‘neminem
1156 2628 1201 2665 me
1220 2611 1367 2666 fortiorem
1387 2629 1448 2666 esse

136 2683 291 2738 censebam.
329 2681 475 2735 fortiorem
499 2697 558 2735 esse
586 2684 615 2736 te
641 2681 711 2737 belli
735 2682 833 2736 docuit
855 2685 983 2750 eventus3
1012 2684 1062 2737 sed
1084 2700 1120 2736 ne
1144 2683 1184 2736 sic
1208 2683 1323 2752 quidem
1346 2701 1447 2753 parum

135 2755 204 2808 felix
228 2771 303 2819 sum,
327 2753 465 2806 secundus
488 2751 563 2806 tibi'.
602 2753 722 2823 superba
746 2770 779 2808 ac
797 2753 869 2808 Poro
891 2771 948 2808 non
971 2755 1091 2824 indigna
1110 2755 1213 2822 oratio,
1242 2771 1314 2824 qnae
1333 2771 1363 2808 re
1383 2771 1447 2808 vera

135 2824 297 2880 interillos
321 2824 391 2878 duos
414 2839 494 2893 reges
517 2825 776 2893 praestantissimos
799 2825 899 2880 habita
922 2842 983 2880 esse
1006 2828 1114 2894 potest,
1132 2841 1224 2894 neque
1242 2827 1338 2879 tamen
1356 2825 1447 2895 primo

137 2913 295 2966 congressu.
333 2898 485 2964 quactum
504 2896 580 2964 apud
599 2895 727 2950 Curtium
746 2900 901 2966 sequuntur
919 2897 966 2950 vix
984 2896 1090 2951 fuerint
1108 2896 1186 2964 Pori3
1211 2897 1271 2952 sine
1291 2897 1378 2952 dubio
1397 2899 1448 2951 Ar-

136 2968 232 3022 rianus
251 2969 280 3022 et
298 2966 466 3021 Plutarchus
484 2967 576 3021 verius
596 2984 761 3036 responsum
779 2970 928 3039 βασιλικῶς
946 2971 1133 3022 servaverunt.

226 3041 288 3108 177)
307 3039 409 3108 quibus
428 3041 575 3108 praeterea
594 3040 701 3094 caussis
716 3043 872 3094 commotus
886 3039 1046 3094 Alexander
1059 3039 1163 3094 Porum
1176 3043 1236 3094 tam
1250 3040 1328 3109 regie
1342 3043 1446 3094 tracta-

135 3111 207 3166 verit
225 3109 382 3165 luculenter
401 3110 517 3180 exponit
534 3110 661 3179 Droyren
679 3111 705 3163 H
722 3130 749 3181 p.
767 3116 817 3164 143
828 3129 882 3180 sq,
905 3113 939 3164 ut
956 3112 1003 3165 vix
1021 3111 1177 3181 quidquam
1196 3112 1314 3165 debeam
1334 3113 1445 3166 addere.

227 3185 288 3252 178)
308 3182 418 3252 dequo
438 3181 565 3236 conferas
585 3199 688 3250 quaeso
709 3199 782 3252 quae
801 3182 1012 3252 suprascripsi.

226 3257 286 3324 179)
306 3255 376 3322 quot
398 3253 461 3307 Indi
484 3253 562 3322 capti
586 3253 643 3307 sint
665 3270 699 3308 ex
716 3254 836 3308 Arriano
858 3271 915 3308 non
940 3254 1009 3308 licet
1031 3270 1211 3324 cognoscere,
1240 3254 1346 3308 codicis
1375 3253 1448 3307 illud

136 3326 251 3396 quidem
269 3325 383 3380 Arriani
402 3323 485 3394 culpa
499 3325 533 3391 V,
549 3329 609 3392 18,2
629 3323 663 3378 cf.
680 3325 810 3380 editores.
847 3325 961 3380 Diodor.
977 3325 1062 3394 XVII,
1073 3330 1132 3392 89,1
1148 3325 1281 3379 Indorum
1299 3325 1364 3395 plus
1379 3326 1447 3379 duo-

137 3397 230 3451 decim
247 3397 339 3450 millia
359 3411 441 3450 caesa
460 3412 521 3449 esse
538 3395 665 3450 tradidit.
703 3395 867 3452 interfectos
887 3397 957 3452 dnos
971 3397 1037 3452 Pori
1054 3396 1127 3451 filios
1147 3397 1249 3466 (tacuit
1264 3397 1298 3450 de
1314 3396 1447 3466 Spitace),

136 3471 336 3538 praetoresque
359 3470 388 3522 et
412 3467 496 3521 duces
520 3467 696 3537 praecipuos.
733 3469 810 3523 vivos
834 3471 931 3538 captos
957 3485 1017 3523 esse
1042 3485 1127 3538 supra
1150 3485 1250 3523 novem
1268 3467 1373 3534 millia,
1393 3467 1448 3522 ele·

136 3539 257 3608 phantos
276 3539 422 3610 octoginta
435 3538 622 3592 Macedonum
636 3540 746 3608 equites
761 3540 896 3594 ducentos
911 3540 1064 3610 octoginta,
1083 3541 1194 3610 pedites
1207 3539 1272 3608 plus
1287 3539 1447 3609 septingen-

136 3613 180 3664 tos
200 3611 343 3666 cecidisse.
377 3627 441 3664 cum
455 3613 551 3664 tamen
564 3611 698 3665 Indorum
712 3627 857 3666 caesorum
871 3629 1003 3666 numerus
1018 3615 1104 3681 atque
1117 3611 1247 3680 peditum
1261 3610 1448 3664 Macedonum

137 3685 234 3750 aperte
252 3685 360 3752 pugnet
379 3699 443 3736 cnm
461 3682 580 3737 Arriano
601 3715 634 3722 -
655 3681 689 3736 cf.
710 3685 806 3736 autem
830 3683 864 3736 da
891 3683 980 3738 caesis
999 3685 1141 3736 certamen
1159 3681 1232 3736 illud
1251 3682 1338 3737 etiam
1356 3683 1447 3736 maius

137 3753 223 3822 (quod
242 3754 426 3808 adnumeres
446 3754 558 3824 attinet)
578 3754 615 3808 ad
634 3751 809 3823 Gaugamela
828 3753 944 3823 factum,
962 3753 1013 3807 ubi
1031 3753 1218 3807 Macedonum
1237 3755 1371 3806 centum
1389 3753 1447 3808 fere

137 3823 271 3879 cecidisse
298 3824 410 3879 rettulit
427 3825 563 3880 Arrianus
586 3825 722 3894 111‚15,o,
751 3823 863 3879 Curtius
885 3825 932 3894 IV,
948 3830 1026 3893 16,26
1053 3825 1146 3878 minus
1172 3841 1257 3894 quam
1284 3825 1447 3893 trecenti,

136 3895 276 3950 Diodorus
290 3895 375 3964 XVM,
391 3902 422 3949 61
444 3897 483 3958 εἰς
501 3894 754 3959 πεντακοσίους
773 3929 806 3936 -
827 3913 890 3950 cum
908 3913 990 3966 porro
1010 3895 1146 3950 maiorem
1164 3895 1251 3950 etiam
1270 3899 1354 3950 antea
1372 3895 1447 3949 mili-

135 3969 197 4021 tum
215 3967 318 4021 Porum
340 3967 537 4022 comitantium
559 3985 707 4022 numerum
729 3968 889 4038 prodiderit
907 3985 993 4037 quarn
1010 3967 1158 4035 Arrianus,
1177 3967 1260 4021 valde
1279 3967 1347 4022 licet
1366 3966 1447 4020 dnbi-

135 4041 209 4106 tare,
233 4056 301 4092 num
323 4038 440 4107 reliquis
467 4039 512 4092 his
536 4038 654 4094 Diodori
676 4039 799 4093 numeris
823 4039 908 4094 fidem
930 4039 1091 4094 habeamus.
1130 4038 1285 4108 Hertaberg
1302 4039 1328 4092 Π
1352 4057 1379 4108 p.
1396 4043 1447 4092 265

135 4109 1447 4252 tetta.illl.ltntntt.Puntdtrdltlltncrathin

137 4271 154 4307 a
197 4252 300 4307 nvn
340 4258 444 4306 ,98s.

154 4271 194 4323 pp
227 4327 288 4395 180)
308 4270 385 4394 alpad
403 4272 554 4378 Mmianum
572 4324 689 4396 legitur:
716 4325 794 4390 πεζοὶ
813 4323 863 4394 μὲν
882 4324 938 4379 ἀπὸ
964 4321 1158 4395 ἑξακισχιλίων
1176 4333 1231 4378 τῶν
1252 4323 1282 4378 ἐν
1300 4331 1332 4376 τ’
1353 4323 1447 4394 πρώτῃ

136 4397 275 4468 προσβολῇ
298 4395 456 4466 γενομένων
479 4394 533 4450 ari.
571 4413 605 4450 ac
627 4397 716 4451 voluit
738 4397 804 4458 τοὺς
827 4395 857 4450 ἐν
880 4404 913 4466 τῇ
937 4397 1031 4467 πρώτῃ
1057 4398 1196 4468 προσβολῇ
1223 4343 1390 4464 praepediens
1414 4426 1447 4434 —

137 4467 196 4522 sine
215 4468 300 4523 dubio
319 4467 501 4538 hypaspistas
516 4467 550 4522 cf.
561 4467 593 4532 V,
607 4473 666 4535 lna
682 4500 715 4508 -
730 4484 872 4537 opponere
886 4470 915 4522 et
933 4468 1033 4522 leviter
1051 4467 1167 4522 armatis
1186 4465 1330 4536 peditibus
1350 4468 1448 4520 contra

138 4538 301 4608 elephantos
324 4542 424 4610 postea
448 4539 648 4593 dimicantibus
671 4541 701 4593 et
720 4538 827 4592 Crateri
846 4539 1039 4609 Meleagrique
1061 4539 1201 4592 militibus
1219 4539 1314 4591 hostes
1338 4536 1447 4608 fugien-

137 4611 179 4662 tes
201 4610 441 4680 persequentibus.
484 4626 518 4663 ex
542 4610 643 4679 quibus
667 4611 691 4665 si
714 4609 798 4664 multi
822 4611 1003 4678 cecidissent,
1026 4611 1161 4664 Arrianus
1185 4611 1260 4663 certe
1283 4608 1449 4662 tradidisset

138 4696 290 4750 numerum,
311 4684 458 4736 accuratus
478 4699 590 4751 qnoque
608 4682 638 4735 in
657 4682 838 4736 numerandis
858 4681 1000 4751 equitibus
1020 4682 1116 4736 caesis.

228 4756 288 4823 181)
308 4753 419 4808 Curtius
438 4753 610 4823 VHI,14,34
634 4753 685 4808 sub
708 4754 770 4825 ipso
793 4769 860 4824 rege
883 4770 986 4824 equum
1010 4753 1134 4824 aliquem
1157 4751 1314 4806 concidisse
1341 4754 1445 4807 narrat.
