3506 5306
783 333 1025 396 -126-

252 519 304 581 vix
327 519 361 581 in
384 517 534 580 fluctibus
554 514 697 578 adhiberi
720 516 903 597 potuerunt,
926 516 963 575 ut
981 512 1015 575 in
1033 511 1153 576 fossam
1173 511 1202 574 h.
1223 532 1247 574 ι.
1268 511 1370 574 amnis
1389 510 1554 575 brachium

251 617 356 680 minus
380 637 413 679 se
431 615 618 698 reciperent,
642 635 737 696 quam
757 609 828 674 Indi
848 611 943 674 duces
962 605 1284 694 monstraveruntffl)
1318 613 1414 692 atque
1433 610 1556 692 accidit,

251 714 337 797 quod
364 715 398 776 in
426 734 543 798 magno
568 709 694 775 Oceano
723 711 804 774 solet
831 710 914 773 fieri:
942 709 1074 772 recessit
1101 729 1187 771 mare
1220 728 1257 771 ac
1286 729 1383 771 naves
1411 708 1446 770 in
1472 711 1557 772 terra

249 813 387 896 reliquit.
444 810 530 894 quod
563 831 635 874 cum
673 808 816 871 nondum
848 807 1003 870 vidissent
1034 805 1238 888 Macedones,
1270 805 1362 870 valde
1396 807 1557 889 perterriti

250 914 338 992 sunt,
370 910 472 992 magis
501 909 597 972 etiam
626 928 700 971 cum
729 909 834 970 aestus
864 927 921 968 suo
949 909 1095 988 tempore
1123 904 1240 968 rediret
1268 908 1301 968 ιι
1327 926 1424 968 naves
1453 905 1556 968 suble-

249 1004 403 1093 varet.⁴⁰²)
457 1010 489 1070 et
517 1027 598 1089 quae
626 1005 660 1068 in
687 1005 765 1068 limo
793 1025 890 1068 naves
919 1003 1133 1067 adhaerebant
1161 1003 1228 1066 sine
1258 1002 1375 1066 damno
1405 1004 1472 1067 ullo
1502 1008 1558 1067 aut

250 1107 441 1170 detrimento
473 1103 671 1168 tollebantur
702 1124 877 1186 rursusque
908 1102 1112 1187 navigabant.
1159 1101 1214 1166 sed
1248 1123 1329 1185 quae
1361 1102 1395 1164 in
1426 1103 1557 1188 regione

250 1205 382 1269 sicciore
401 1225 504 1286 neque
524 1202 600 1266 satis
620 1201 731 1264 firmae
750 1201 887 1283 stabant,
906 1221 1024 1286 magno
1043 1200 1166 1283 impetu
1187 1221 1259 1264 cum
1277 1222 1378 1283 aquae
1392 1201 1558 1283 irruerent,

250 1304 334 1368 inter
357 1324 390 1366 se
415 1301 544 1365 collisae
567 1299 694 1383 partim,
718 1299 798 1364 aliae
822 1300 856 1362 in
878 1303 996 1363 terram
1021 1299 1122 1362 iactae
1145 1298 1343 1362 interierunt.
1378 1319 1414 1362 ac
1438 1299 1556 1362 milites

250 1400 425 1465 anavibus
454 1399 509 1482 qui
537 1399 656 1484 egressi
679 1399 879 1484 vagabantur
901 1398 956 1460 vix
978 1397 1012 1459 in
1036 1396 1169 1460 eundem
1194 1398 1302 1460 locum
1326 1418 1360 1460 se
1382 1400 1558 1480 potuerunt

249 1495 452 1583 reciperem)
500 1498 621 1561 clamor
657 1496 798 1579 undique
835 1496 1022 1560 audiebatur
1054 1498 1222 1578 metusque
1255 1499 1322 1559 erat
1353 1517 1557 1581 permagnus.

250 1602 346 1680 atque
369 1595 551 1661 Alexander
573 1595 710 1659 navibus
735 1616 830 1677 quam
855 1594 977 1676 optime
1000 1593 1070 1657 fieri
1093 1596 1220 1676 poterat
1242 1594 1369 1660 refectis
1394 1616 1468 1659 cum
1493 1617 1558 1659 cer-

251 1697 334 1760 curis
357 1695 480 1759 duabus
503 1694 669 1778 praemisit
693 1693 748 1776 qui
771 1693 909 1756 insulam
933 1693 1158 1776 inspectarent,
1182 1692 1221 1756 ad
1246 1715 1342 1776 quam
1365 1691 1437 1757 Indi
1459 1716 1557 1758 naves

249 1816 343 1858 amne
372 1793 511 1858 secundo
535 1793 569 1856 in
592 1813 680 1855 mare
702 1789 892 1875 provehenti
916 1789 1121 1874 appellandas
1145 1812 1214 1854 esse
1237 1791 1390 1855 dixerant.
1439 1791 1558 1857 Oilluta

249 1893 289 1956 ab
312 1892 426 1957 incolis
445 1885 735 1975 nominabatur.⁴⁰⁴)
769 1900 906 1972 'cumque
926 1889 1066 1952 audisset
1083 1910 1140 1952 rex
1158 1892 1288 1972 portum
1308 1890 1354 1953 ibi
1373 1913 1442 1954 esse
1461 1894 1558 1974 atque

250 2050 383 2104 debemus
407 2049 535 2103 oblivisci
553 2047 707 2101 maximum
730 2064 763 2102 eo
787 2047 854 2100 anni
877 2049 1003 2116 tempore
1026 2045 1114 2100 fuisse
1131 2046 1232 2099 indum
1254 2064 1346 2116 neque
1369 2049 1459 2101 totam
1477 2047 1558 2106 illam

248 2122 392 2192 regionem
410 2120 495 2174 hodie
513 2136 569 2173 non
588 2120 645 2172 iam
664 2118 782 2173 eandem
802 2135 863 2172 esse
881 2134 954 2188 quae
969 2117 1056 2172 fuerit
1069 2117 1223 2172 Alexandri
1237 2120 1338 2173 aetate.
1372 2119 1475 2173 nostris
1490 2135 1558 2173 sane

248 2193 422 2261 temporibus
450 2191 559 2244 nullum
577 2190 640 2244 indi
666 2191 769 2244 ostium
793 2192 852 2242 tum
874 2189 965 2243 latum
988 2191 1043 2255 est3
1071 2206 1166 2244 verum
1184 2188 1320 2244 Arrianus
1344 2190 1415 2244 dicit
1436 2193 1557 2258 tantum,

248 2264 362 2330 indum,
389 2264 440 2318 ubi
463 2263 618 2316 latissimus
641 2261 740 2328 fuerit,
768 2262 799 2314 in
822 2277 885 2315 eam
907 2230 1089 2315 latitudiriem
1113 2259 1281 2330 diffluxisse,
1309 2279 1365 2316 non
1383 2261 1490 2332 ubique
1508 2234 1559 2316 aut

248 2352 299 2404 per
316 2308 428 2404 lorigius
448 2335 572 2404 spatium
590 2335 650 2387 tam
668 2305 758 2386 latuin
776 2332 871 2386 fuisse
905 2334 948 2386 est
962 2333 1057 2386 autem
1070 2331 1156 2386 hodie
1169 2349 1281 2402 qnoque
1294 2333 1382 2403 regio,
1400 2333 1450 2387 ubi
1464 2336 1558 2387 tanto-

248 2423 316 2476 pere
334 2405 441 2460 diffluit
458 2405 543 2459 Indus
563 2407 593 2459 at
613 2422 649 2459 ue
666 2404 760 2458 lacum
779 2404 985 2473 quodammodo
1004 2403 1127 2470 efficits
1119 2421 1149 2456 ιιι
1164 2400 1327 2458 Ohedewari
1341 2405 1457 2458 brachio
1471 2405 1558 2474 paulo

249 2477 324 2532 inira
343 2495 407 2532 eum
425 2478 518 2531 locum
535 2477 586 2530 ubi
638 2476 716 2529 dus'
708 2495 738 2529 ιιι
758 2476 813 2529 duo
831 2475 949 2530 brachia
965 2475 1073 2528 maiora
1087 2446 1193 2528 diffluit
1206 2475 1394 2530 Hudschemri
1409 2478 1438 2531 et
1452 2476 1559 2560 (thade-

248 2550 325 2604 wari.
363 2551 476 2619 poterat
495 2548 595 2602 similis
614 2548 692 2601 locus
712 2547 799 2602 etiam
812 2546 940 2600 indit
894 2548 940 2601 ιιι
941 2547 996 2600 eris
1015 2545 1109 2601 fuisse.
1144 2548 1268 2601 cetorum
1286 2564 1322 2602 ne
1341 2549 1479 2617 suspicari
1496 2549 1558 2617 qni-

249 2621 313 2676 dem
336 2621 434 2688 liceat,
461 2638 516 2689 quo
539 2619 656 2673 brachio
675 2618 738 2672 Indi
761 2619 859 2672 classis
878 2617 1032 2672 Alexandri
1055 2618 1172 2673 devecta
1195 2619 1239 2672 sit.
1277 2635 1343 2673 nam
1363 2621 1429 2673 sunt
1446 2622 1559 2688 praeter

248 2693 356 2746 maiora
375 2693 430 2746 duo
449 2693 500 2746 illa
518 2692 636 2746 brachia
654 2691 737 2744 modo
756 2690 902 2744 nominata
919 2689 1010 2744 multa
1028 2690 1144 2743 minora.
1183 2690 1207 2744 si
1235 2690 1281 2743 M.’
1296 2690 1396 2744 Murdo
1415 2709 1495 2746 verus
1515 2694 1559 2746 est

249 2766 348 2818 auctor
373 2766 454 2819 vetus
482 2763 545 2817 lndi
572 2762 720 2817 brachium
748 2762 877 2816 dextrum
902 2763 1015 2830 praeter
1041 2760 1132 2815 Debai
1155 2761 1240 2815 hodie
1262 2762 1361 2817 urbem
1383 2764 1558 2817 nominatam

249 2835 373 2890 defluxit.
416 2835 450 2889 cf.
466 2835 570 2890 Lassen
589 2834 655 2904 lip.
673 2839 731 2887 191.
769 2834 854 2888 hodie
877 2850 989 2902 quoque
1007 2833 1065 2886 Piti
1083 2832 1129 2887 vel
1147 2832 1247 2886 Sindhi
1270 2834 1374 2887 ostium
1397 2835 1559 2904 appellatur

250 2907 325 2975 (vide
339 2906 469 2978 Ounning
469 2907 495 2960 h.
512 2853 647 2960 chartamiJ
657 2905 713 2974 IX)
752 2922 785 2959 eo
803 2921 870 2958 usus
890 2922 950 2960 esse
969 2904 1082 2959 videtur
1100 2904 1266 2960 Alexander.

337 2981 401 3048 401)
420 2926 469 3032 cf.
471 2977 546 3032 Ourt.
561 2978 607 3041 ΙΧ,
622 2983 647 3044 9,
663 2982 686 3031 7.
721 2978 796 3031 errat
809 2977 936 3044 Droysen
954 2976 1025 3045 Hp.
1041 2981 1093 3028 204
1112 2993 1176 3029 cum
1195 2976 1301 3030 scribat
1321 2977 1405 3048 moti
1419 2977 1558 3050 compen
1509 2979 1558 3049 ιιι

248 3049 351 3105 blatteo
369 3059 422 3106 bon
441 3050 484 3106 bet
502 3020 666 3120 apenditiis
685 3047 943 3118 &committeret
982 3047 1016 3101 cf.
1033 3047 1096 3101 adn
1113 3052 1174 3106 399.

337 3124 400 3191 402)
420 3121 454 3175 cf.
475 3120 586 3174 Curtius
605 3121 651 3188 IX,
667 3126 691 3187 9,
707 3125 736 3174 8:
767 3120 843 3173 ‘tum
871 3119 957 3173 aliam
980 3119 1102 3173 insulam
1124 3119 1218 3174 medio
1243 3120 1319 3174 amni
1338 3121 1423 3174 sitam
1442 3123 1547 3176 evecti'

248 3191 358 3246 inclusa
381 3194 442 3247 erat
464 3192 557 3246 insula
579 3163 663 3245 fluvio
688 3193 717 3245 et
739 3190 816 3245 fossa
838 3191 975 3260 (brachio)
994 3190 1058 3258 illa,
1087 3207 1172 3260 quam
1190 3191 1326 3245 Arrianus
1346 3196 1559 3260 commemorat;

247 3280 339 3403 ppptpe
367 3264 441 3389 initi
469 3263 587 3318 eandem
614 3262 737 3317 insulam
763 3263 874 3317 videtur
902 3261 1014 3316 Curtius
1042 3210 1148 3330 dicere,
1181 3263 1217 3317 de
1245 3279 1329 3332 quam
1356 3264 1492 3318 Arrianus
1510 3265 1558 3333 VI,

343 3351 403 3390 ιιι

337 3409 400 3475 403)
419 3406 503 3460 tertio
527 3406 574 3461 die
596 3423 652 3459 non
674 3405 804 3474 procul'
796 3422 854 3459 ram
877 3423 894 3460 a
916 3407 988 3459 mari
1011 3407 1073 3475 ipso
1097 3408 1190 3473 erant,
1217 3423 1280 3460 cum
1303 3407 1440 3462 sentirent
1463 3410 1559 3462 aestus

238 3479 308 3534 eius
331 3495 509 3548 magnos3q
491 3477 567 3547 quod
588 3477 636 3531 vix
659 3477 774 3542 mirum3
802 3493 869 3530 nam
892 3477 1004 3532 etiamsi
1027 3480 1121 3532 aestus
1140 3477 1198 3531 illis
1217 3477 1314 3532 locis
1305 3495 1363 3532 iam
1382 3479 1503 3533 sentitur
1520 3481 1558 3534 ab

247 3550 347 3618 meritis
371 3550 431 3604 eius
456 3550 498 3604 rei
518 3554 569 3603 100
587 3549 647 3604 fere
664 3518 815 3602 kilornetra
834 3548 870 3602 ab
889 3549 984 3616 litore,
1009 3548 1108 3603 Graeci
1127 3549 1253 3618 imperiti
1271 3553 1418 3604 senserunt
1436 3551 1558 3619 demum,

248 3638 312 3674 cum
325 3621 408 3675 valde
422 3620 572 3676 differebat
586 3637 622 3690 aq
622 3636 723 3674 uarum
738 3619 867 3674 altitude.
899 3592 1004 3675 sentiie
1017 3622 1093 3675 certe
1106 3621 1270 3676 debebant
1261 3638 1319 3675 iam
1334 3621 1433 3676 diebus
1448 3622 1559 3677 duobus

247 3693 401 3761 prioribus,
427 3693 551 3747 sednon
571 3692 842 3758 animadverterunt,
862 3694 911 3746 aut
929 3709 985 3746 non
1003 3692 1203 3747 intellexerunt
1223 3692 1309 3748 ‘leni
1327 3693 1440 3748 adhuc
1459 3696 1559 3748 aestu

248 3763 437 3818 confundente
473 3764 600 3834 dispares
636 3763 743 3817 undas'
778 3735 852 3816 Ourt.
872 3763 922 3830 IX,
938 3769 997 3831 9,7.
1049 3764 1136 3818 etiam
1168 3764 1197 3818 in
1230 3765 1411 3833 sequentibus
1445 3763 1558 3819 Curtius

247 3835 303 3904 (IX,
319 3841 361 3901 9‚9
372 3838 424 3905 sq.)
452 3837 522 3890 satis
549 3837 622 3890 bene
650 3835 685 3889 de
712 3835 784 3888 mari
803 3836 864 3887 tum
892 3837 920 3889 et
945 3835 1095 3890 invehente
1118 3837 1147 3890 et
1168 3836 1317 3891 recedente
1339 3853 1491 3906 rursusque
1513 3837 1559 3890 ιιι-

246 3907 366 3962 vehente
383 3907 502 3961 rettulit.
536 3907 586 3962 sed
604 3907 681 3974 quod
699 3908 796 3960 narrat
814 3906 851 3959 ad
870 3907 947 3960 cibos
966 3907 1103 3976 petendos
1118 3907 1283 3963 discurrisse
1297 3907 1474 3975 Macedones,
1493 3925 1558 3962 cum

246 3979 368 4047 primum
388 3976 515 4032 Oceanus
539 3979 705 4034 exaestuans
729 3978 855 4046 coeperit
877 3979 984 4033 invehi:
1014 3979 1170 4032 aestuantis
1193 3980 1282 4049 igitur
1304 3980 1390 4033 maris
1411 3981 1558 4049 aspectum

246 4050 311 4104 illos
338 4049 471 4104 habuisse
498 4051 633 4119 priorem,
661 4067 717 4104 non
746 4050 876 4120 congruit
901 4067 964 4103 cnm
986 4050 1119 4118 Arriano,
1148 4051 1197 4119 qui
1220 4052 1342 4120 primum
1365 4051 1558 4106 recedentium

247 4121 1558 4276 samusartrrsstrctl.0⁵⁸3..¹.⁰t³t.lrtl‚⁰uairtttarsuram

246 4283 277 4318 os
301 4264 391 4318 amnis
415 4264 538 4331 misisse,
566 4265 615 4334 qui
639 4282 702 4318 cum
721 4280 798 4318 mare
817 4267 981 4320 exaestuare
997 4283 1093 4319 rursus
1112 4265 1277 4333 sensissent,
1304 4266 1468 4320 recederent
1485 4283 1557 4318 nun-

245 4337 414 4405 tiarentque.
453 4337 539 4406 atque
558 4353 605 4390 eos
624 4337 760 4404 sequente
778 4339 858 4390 aestu
876 4336 1015 4406 refugisse
1034 4354 1116 4390 cursu
1134 4337 1252 4407 ingenti.
1286 4337 1389 4390 scimus
1409 4339 1503 4390 autem
1522 4354 1557 4391 ex

246 4407 383 4462 Strabone
401 4406 461 4475 Vll,
476 4412 528 4461 993
543 4406 717 4461 Clitarchum
735 4423 871 4474 narrasse,
891 4409 1000 4474 equites
1019 4408 1104 4461 maris
1124 4424 1238 4463 accessu
1256 4408 1315 4462 viso
1335 4408 1479 4478 aufugisse
1496 4409 1557 4462 vix-

246 4496 301 4548 que
329 4495 417 4548 aquas
444 4479 571 4563 potuisse
598 4477 728 4549 effugere.
767 4478 824 4532 iam
848 4450 948 4532 Strabo
972 4480 1068 4548 (atque
1092 4478 1162 4533 adeo
1185 4479 1363 4548 Posidonius)
1383 4479 1557 4533 Clitarchum

169 4547 174 4558 '
245 4550 429 4620 vituperavit,
457 4551 507 4620 qui
533 4567 593 4605 rem
621 4553 697 4604 certe
724 4549 807 4603 valde
834 4550 966 4604 auxisset.
1014 4550 1063 4603 sed
1090 4567 1147 4603 non
1173 4553 1309 4605 noverant
1335 4567 1428 4620 neque
1456 4551 1556 4604 Strabo

245 4638 337 4692 neque
364 4621 531 4677 Posidonius
563 4622 660 4693 magni
688 4619 793 4675 Oceani
821 4622 927 4675 aestus:
961 4622 997 4675 de
1024 4621 1167 4690 equitibus
1195 4621 1315 4677 fortasse
1341 4624 1418 4676 recte
1444 4622 1557 4677 rettulit

246 4693 411 4836 mimihilt
416 4765 547 4821 bociam
565 4782 599 4822 ex
617 4764 713 4820 Onrtio
733 4761 832 4818 addidi
852 4763 887 4818 cf.
902 4763 920 4817 l.
935 4763 953 4818 l.
