3506 5306
799 293 1041 358 -124-

270 499 373 560 neque
403 481 530 562 gratum
560 478 628 538 erat
651 473 834 538 Alexandro
862 474 957 537 huius
985 474 1125 559 regionis
1154 475 1275 538 incolas
1303 473 1412 538 hostes
1441 473 1502 537 sibi
1525 496 1574 538 ex-

269 576 381 640 titisse.
416 596 513 658 quare
533 573 691 638 exercitus
709 573 871 637 levissime
890 591 1035 655 quosque
1054 575 1194 636 armatos
1214 572 1311 654 misit,
1330 572 1386 655 qui
1405 594 1422 636 a
1441 572 1575 658 vestigio

270 675 513 756 insequerentur
544 671 713 758 fugientes.
762 691 898 754 quorum
933 673 1044 754 captos
1077 670 1249 734 nonnullos
1277 669 1317 733 ad
1344 670 1486 753 reliquos
1515 671 1577 734 iam

271 773 372 855 misit,
400 772 455 854 qui
483 771 556 834 illos
585 774 621 833 ut
646 769 842 832 confidenter
869 772 1103 832 reverterentur
1131 767 1352 832 admonerent:
1379 789 1455 832 nam
1483 769 1578 833 licere

271 871 315 935 eis
344 873 376 934 et
402 869 481 933 urbe
509 869 557 932 uti
586 868 741 932 liberast
769 887 862 952 agros
892 868 995 930 colere
1023 869 1059 929 ut
1086 869 1187 929 antea.
1235 870 1331 949 atque
1359 887 1579 950 quaecumque

271 969 366 1054 fugae
395 989 490 1032 causa
518 970 599 1049 erat,
627 965 759 1048 plurimi
786 964 955 1028 redierunt.
1003 965 1067 1027 iam
1091 962 1273 1028 Alexander
1301 964 1356 1046 qui
1388 986 1454 1028 non
1483 965 1579 1028 modo

271 1067 392 1152 gloriae
420 1065 554 1149 cupidus
582 1085 686 1147 neque
715 1065 820 1127 solum
848 1066 884 1125 ut
912 1065 1012 1126 terras
1040 1063 1167 1147 ignotas
1197 1066 1404 1147 cognosceret
1433 1063 1467 1126 in
1490 1063 1578 1127 illam

271 1165 435 1250 regionem
477 1165 712 1246 penetraverat,
754 1161 808 1224 sed
851 1161 906 1243 qui
946 1158 1071 1223 Indiam
1114 1158 1274 1243 Asiaeque
1317 1161 1578 1226 occidentaliores

271 1263 418 1348 regiones
442 1264 621 1325 mercatura
644 1260 747 1324 voluit
771 1263 950 1341 conectere,
972 1257 1122 1341 Pattalis,
1146 1280 1242 1340 quam
1266 1259 1378 1323 urbem
1403 1259 1442 1323 ad
1465 1256 1580 1324 Indum

273 1361 472 1424 diffluentem
497 1359 616 1443 optime
641 1359 734 1422 sitam
759 1379 827 1421 esse
851 1357 1017 1439 intellexit,
1041 1378 1146 1420 arcem
1171 1357 1294 1420 curavit
1313 1358 1523 1422 muniendum
1542 1358 1580 1422 ab

272 1457 511 1542 Hephaestione
536 1461 567 1520 et
591 1460 721 1540 portum
746 1459 778 1519 et
801 1455 928 1518 navalia
952 1455 1188 1520 exaedificanda
1215 1455 1335 1520 statuit.
1381 1479 1456 1520 nam
1485 1478 1581 1521 naves

274 1579 340 1620 non
362 1576 480 1640 paucas
504 1555 549 1618 ibi
572 1554 675 1617 voluit
697 1549 940 1638 relinquere.³⁹²)
978 1554 1012 1616 in
1035 1557 1153 1616 terram
1175 1557 1264 1617 trans
1287 1551 1402 1618 Indum
1427 1555 1581 1619 orientem

274 1676 383 1719 versus
408 1653 503 1717 sitam
527 1673 662 1735 eamque
686 1652 805 1715 aridam
831 1651 932 1733 misit,
961 1653 1016 1735 qui
1039 1656 1153 1734 puteos
1177 1652 1332 1735 foderent,
1355 1653 1583 1738 regionemque

274 1751 484 1816 habitabilem
512 1751 687 1816 redderent.
726 1754 822 1831 atque
844 1749 904 1812 hos
929 1749 1057 1832 quidem
1081 1748 1153 1813 lndi
1175 1750 1306 1814 finitimi
1329 1752 1472 1836 aggressi
1495 1754 1584 1834 sunt,

275 1851 447 1915 nonnullos
472 1871 544 1914 cum
569 1849 817 1930 interfecissent,
844 1847 951 1930 plures
976 1848 1158 1912 amisissent
1181 1849 1252 1932 ipsi,
1280 1849 1313 1912 in
1338 1848 1527 1913 solitudines
1551 1871 1584 1912 ss

275 1970 437 2033 recepere:
461 1951 497 2011 ut
515 1946 705 2011 Macedones
725 1947 788 2010 iam
808 1967 906 2030 opera
924 1947 1052 2030 incepta
1071 1946 1110 2009 ad
1129 1947 1227 2010 finem
1245 1947 1464 2030 perducerent,
1484 1947 1586 2011 adiuti

275 2048 372 2112 etiam
396 2047 436 2110 ab
460 2046 530 2110 aliis
555 2067 635 2128 quos
659 2045 768 2108 audito
791 2044 935 2108 hostium
958 2044 1082 2128 impetu
1101 2042 1283 2108 Alexander
1306 2045 1425 2109 auxilio
1445 2045 1584 2109 miserat.

365 2143 453 2220 Quae
476 2165 526 2206 res
550 2165 623 2207 cum
647 2165 686 2207 ex
705 2142 863 2206 sententia
882 2142 1100 2225 procederent,
1123 2143 1237 2207 statuit
1254 2165 1311 2207 rex
1329 2165 1387 2226 per
1404 2141 1476 2206 Indi
1494 2143 1586 2208 fluvii

275 2242 442 2308 brachium
467 2242 613 2305 dextrum
637 2242 672 2304 in
695 2263 782 2304 mare
806 2240 927 2305 devehi.
973 2240 1175 2304 Leonnatum
1205 2263 1277 2305 cum
1307 2241 1395 2306 mille
1423 2241 1585 2324 equitibus

277 2344 308 2405 et
331 2341 476 2425 peditum
501 2339 629 2425 gravius
657 2340 823 2422 leviusque
852 2343 1047 2402 armatorum
1073 2342 1145 2403 octo
1168 2338 1235 2403 fers
1259 2339 1388 2403 milibus
1417 2340 1511 2404 iussit
1529 2361 1587 2423 per

276 2579 399 2648 primum
428 2577 567 2630 diduxit
595 2577 705 2630 Indus.
744 2576 793 2630 sed
821 2575 938 2630 dubium
966 2593 1034 2629 num
1057 2576 1210 2630 Alexandri
1228 2575 1264 2630 M.
1289 2577 1463 2646 temporibus
1486 2577 1587 2630 fluvius

277 2649 442 2704 orientalior
459 2665 578 2718 magnus
597 2647 690 2702 fuerit.
720 2647 855 2701 Arrianus
875 2649 970 2701 autem
984 2648 1098 2716 scripsit
1107 2647 1153 2714 VI,
1170 2652 1241 2716 18,a:
1261 2649 1339 2717 περὶ
1354 2647 1389 2704 δὲ
1403 2657 1462 2710 τοῖς
1475 2647 1587 2703 Harrei-

277 2726 335 2784 λοις
354 2717 474 2792 σχίζεται
492 2729 542 2774 τοῦ
559 2717 651 2774 Ἰνδοῦ
670 2719 701 2773 τὸ
720 2718 796 2788 ὕδωρ
816 2719 864 2782 εἰς
883 2718 943 2774 δύο
962 2720 1137 2788 ποταμοὺς
1160 2719 1332 2788 μεγάλους.
1371 2720 1448 2788 quod
1467 2721 1589 2790 quadrat

278 2792 383 2862 optime
402 2793 432 2846 in
451 2791 633 2846 Haiderabad
652 2791 758 2858 urbem,
777 2807 868 2860 neque
889 2789 986 2843 dubito
1006 2789 1075 2860 quin
1092 2793 1169 2845 recte
1188 2789 1256 2844 olim
1275 2791 1332 2845 iam
1350 2791 1477 2860 Droyseu
1492 2810 1518 2861 p.
1534 2797 1587 2846 455

278 2864 492 2932 (n.ed.l,115)
513 2863 587 2916 hanc
611 2879 674 2915 cum
692 2862 813 2915 Pettalis
836 2862 934 2915 urbem
958 2861 1075 2916 eandem
1098 2862 1247 2931 putaverit.
1285 2880 1374 2932 nuper
1393 2861 1590 2934 Gunningham

278 2955 304 3005 p.
322 2940 424 3002 279sq.
453 2951 512 2988 rem
531 2933 688 2988 luculenter
707 2933 889 2999 confirmavit,
908 2949 991 3000 quem
1005 2933 1109 2988 videas.
1139 2933 1168 2986 in
1187 2951 1244 2988 una
1261 2951 1292 2988 re
1310 2937 1406 2989 tamen
1424 2933 1513 2988 falsus
1527 2951 1589 2988 esse

278 3007 395 3060 videtur.
433 3023 499 3060 nam
523 3008 551 3060 st
570 3005 682 3058 Arriani
700 3005 792 3058 verbis
812 3021 897 3074 supra
921 3003 1016 3058 allatis
1040 3007 1069 3058 et
1092 3005 1238 3060 Strabonis
1257 3005 1308 3059 XV
1326 3025 1353 3075 p.
1375 3011 1424 3060 701
1452 3006 1487 3061 ἐν
1506 3006 1536 3062 δὲ
1556 3009 1590 3078 τῇ

279 3077 432 3148 Παταλήνῃ
446 3076 526 3140 πόλις
540 3078 614 3132 ἐστιν
629 3075 781 3146 ἀξιόλογος,
800 3075 834 3129 τὰ
849 3075 975 3140 Πάταλα,
995 3073 1044 3144 ἀφ’
1060 3071 1093 3141 ἧς
1107 3078 1156 3130 καὶ
1169 3077 1187 3146 ἡ
1202 3083 1286 3145 νῆσος
1300 3080 1425 3132 καλεῖται
1439 3077 1590 3143 indicatur,

279 3149 354 3202 intra
365 3149 434 3202 duos
449 3149 551 3230 duvios.
565 3148 628 3201 lndi
647 3149 723 3218 ipsos
739 3148 837 3202 urbem
851 3147 1147 3229 Patala-haiderabad
1162 3147 1246 3202 sitam
1260 3147 1354 3202 fuisse.
1384 3151 1415 3202 at
1428 3149 1473 3203 Μ’.
1489 3149 1590 3202 Murdo

279 3219 733 3360 talnlsllslltttafft?
747 3218 1418 3360 ltattitultltltlmltttltssltt
1431 3220 1592 3362 irruas

280 3363 335 3416 sita
354 3362 446 3416 fuerit.
485 3366 514 3417 st
533 3379 703 3430 quamquam
722 3363 867 3416 Strabonis
886 3362 917 3416 ἐν
936 3361 1008 3414 illud
1022 3378 1078 3414 non
1098 3362 1188 3416 solum
1206 3362 1240 3415 in
1259 3363 1352 3416 insula
1376 3363 1425 3417 sed
1444 3363 1531 3417 etiam
1550 3363 1591 3416 ad

279 3433 402 3487 insulam
422 3433 562 3502 explicare
576 3450 729 3502 possemus,
749 3433 773 3486 si
787 3451 857 3502 opus
872 3436 953 3501 esset,
970 3436 1066 3487 tamen
1081 3435 1110 3487 'et
1123 3451 1166 3488 res
1181 3434 1244 3502 ipsa
1258 3437 1287 3488 et
1300 3434 1413 3488 Arriani
1427 3435 1512 3489 verba
1526 3434 1592 3501 περὶ

279 3505 311 3560 db
321 3514 380 3568 τοῖς
389 3504 546 3568 notasses
555 3505 625 3558 mihi
636 3504 750 3572 quidem
760 3505 1020 3558 demonstrantiam
1030 3505 1183 3558 Alexandri
1193 3505 1366 3574 temporibus
1381 3505 1462 3558 illum
1476 3505 1592 3558 fluvium

280 3575 484 3630 occidentalem
499 3576 547 3629 cis
562 3575 743 3629 Heiderabad
758 3575 878 3640 fluxisse,
897 3577 1064 3644 praesertim
1081 3593 1143 3629 cum
1158 3579 1323 3646 argumenta
1338 3592 1411 3644 quae
1429 3577 1475 3631 Μ’.
1490 3576 1591 3647 Murdo

281 3648 387 3715 attulit,
410 3665 466 3701 non
485 3651 544 3702 tam
563 3647 644 3700 firma
664 3647 728 3700 sint.
749 3664 803 3700 non
823 3647 994 3700 omittendus
1010 3649 1052 3700 est
1070 3647 1199 3702 hocloco
1213 3647 1299 3700 Plinii
1313 3647 1429 3702 nuntius
1444 3648 1508 3702 Nat.
1524 3647 1589 3702 hist.

281 3719 327 3785 VI,
343 3724 376 3771 23
392 3721 530 3773 servatus:
548 3719 665 3787 ‘(lndus)
682 3762 686 3771 .
705 3762 708 3770 .
727 3762 731 3770 .
748 3717 950 3787 amplissimam
964 3718 1086 3771 insulam
1100 3717 1224 3773 efficiens
1239 3735 1312 3787 quae
1325 3719 1459 3774 Prasiane
1473 3719 1593 3790 (Pracya

284 3818 316 3836 =
337 3791 458 3858 Dittoub,
481 3793 557 3844 terra
585 3789 739 3857 orientalis)
767 3789 928 3843 nominatur
956 3792 984 3842 et
1007 3789 1093 3843 aliam
1116 3791 1254 3844 minorem
1277 3807 1350 3858 quae
1372 3791 1490 3846 Patale!
1528 3791 1592 3844 Indi

281 3860 429 3914 brachium
448 3862 523 3930 quod
544 3877 618 3915 nunc
638 3861 756 3915 Sehwan
775 3861 874 3914 urbem
892 3860 1067 3929 praeterfluit
1086 3878 1149 3916 cum
1167 3863 1228 3916 tum
1249 3863 1375 3916 nondum
1394 3865 1502 3917 extaret
1521 3862 1592 3916 duas

229 3980 235 3990 .
283 3933 347 3986 illas
367 3932 474 3985 insulas
493 3933 560 3987 inda
579 3949 596 3986 a
613 3932 714 3986 Iakrao
734 3932 803 3986 urbe
821 3932 905 3986 hodie
923 3933 1070 3986 nominata
1093 3933 1130 3987 ad
1153 3949 1229 3988 mare
1248 3950 1337 4002 usque
1356 3937 1485 3989 extensas
1504 3933 1593 3989 fuisse

282 4004 454 4073 putabimus.
492 4005 581 4058 maior
600 4006 694 4058 autem
713 4005 785 4058 teste
804 4003 895 4056 Plinio
915 4003 1049 4058 Prasiane
1068 4008 1135 4059 erat.
1174 4022 1207 4059 aa
1226 4005 1250 4058 si
1269 4005 1425 4076 cogitamus
1444 4007 1505 4059 tum
1523 4023 1592 4060 non-

284 4075 350 4129 dum
369 4077 464 4129 tantas
485 4091 586 4130 arenae
604 4076 692 4130 moles
710 4075 811 4128 ludum
829 4075 859 4128 in
877 4091 953 4129 mare
967 4075 1119 4144 proiecisse
1134 4078 1183 4130 sed
1197 4077 1334 4131 minorem
1347 4077 1434 4131 fuisse
1448 4077 1594 4148 regionem

283 4147 363 4201 illam
386 4147 449 4200 Indi
468 4146 553 4200 Delta
570 4149 711 4214 vocatam,
735 4147 820 4200 facile
844 4147 1028 4201 concedemus
1051 4147 1174 4201 insulam
1197 4151 1340 4202 extensam
1364 4147 1499 4203 aIakrao
1523 4149 1594 4203 mbo

284 4219 320 4272 ad
348 4219 441 4272 locum
469 4217 551 4271 illum
574 4219 628 4271 ltin
656 4235 730 4271 nune
757 4217 933 4288 appellatum
958 4218 1002 4288 (cf.
1024 4218 1152 4272 chartam
1175 4215 1331 4288 Ounningh.
1351 4219 1399 4289 IX)
1419 4220 1506 4274 fuisse
1531 4237 1595 4274 eam

284 4307 369 4358 quam
389 4289 498 4343 Plinius
517 4289 670 4343 Prasianen
690 4289 775 4356 dixit;
795 4289 917 4342 insulam
936 4290 971 4343 ab
990 4289 1173 4344 Heiderabad
1192 4290 1229 4344 ad
1242 4306 1319 4344 mare
1341 4307 1431 4358 usque
1450 4294 1595 4346 extensam

284 4361 372 4414 fuisse
390 4360 565 4416 Pattalenen.
596 4363 719 4415 ceterum
738 4361 813 4430 quod
831 4377 932 4414 nomen
954 4362 1057 4415 attinet
1075 4361 1176 4415 Patala
1195 4361 1282 4415 fuisse
1301 4362 1486 4432 ναύσταθμον
1504 4381 1543 4416 nu
1565 4379 1597 4418 er

286 4433 429 4498 dixerunt,
454 4433 522 4486 olim
546 4432 755 4500 explicaverunt
774 4433 819 4502 (cf.
839 4433 944 4486 Lasscn
957 4433 983 4485 Π
1001 4452 1027 4503 p.
1046 4438 1103 4486 190.
1123 4433 1176 4502 Ip.
1194 4439 1244 4488 125
1264 4433 1328 4486 adn.
1344 4435 1371 4503 1)
1389 4433 1490 4487 Patale
1511 4434 1519 4460 ‘
1550 4451 1597 4488 ar-

285 4505 404 4570 turum’,
427 4505 546 4558 fortasse
573 4504 677 4558 rectius
706 4505 730 4557 si
758 4522 809 4573 pro
833 4505 978 4559 occidente
1005 4507 1081 4558 terra
1108 4505 1194 4558 liceat
1216 4519 1339 4570 sumere,
1365 4505 1407 4558 ita
1429 4507 1462 4558 ut
1484 4505 1598 4561 insulae

286 4576 446 4641 Prasianae,
465 4576 581 4645 Proqya,
600 4577 692 4630 terrae
711 4576 747 4629 ad
767 4575 854 4629 solem
874 4577 1010 4630 orientem
1034 4576 1118 4643 sitae,
1138 4575 1250 4642 Patala,
1269 4579 1345 4630 terra
1364 4577 1400 4629 ad
1420 4576 1598 4632 occidentem

288 4648 344 4700 sita
363 4647 494 4716 opposita
513 4647 605 4701 fuerit.

377 4721 439 4791 392)
459 4718 640 4773 cibassent
658 4737 686 4788 p.
703 4723 760 4772 123.
