3506 5306
811 309 1058 374 -104-

283 509 337 550 eos
367 487 479 571 quiin
506 489 601 552 silvas
630 489 718 571 ripae
747 489 829 552 mult
815 492 864 552 tas
894 488 1011 552 adsitas
1040 509 1073 552 se
1097 487 1315 552 abdiderant'
1307 489 1534 570 rntt,erficeren
1564 489 1589 551 si

284 585 340 668 qui
363 607 429 649 non
453 591 567 669 sponte
591 608 624 650 se
648 586 807 668 dederent,
784 591 868 650 tac
891 587 974 650 mult
960 587 1068 650 tosin
1035 587 1180 650 msilvis
1204 585 1242 648 Pi
1243 586 1325 650 thon
1347 585 1589 669 Demetriusque

284 687 495 766 ceperuntet
463 685 771 748 etoccideruntff
762 688 883 748 interea
910 706 966 747 rex
994 685 1062 766 ipse
1092 685 1125 747 in
1152 683 1325 748 Mallorum
1352 685 1465 748 urbem
1494 685 1589 748 maxi·

283 804 368 845 marn
398 781 545 864 duxerat,
572 783 607 846 in
635 805 731 866 quam
761 805 800 846 ex
828 781 899 846 aliis
923 803 1051 865 quoque
1079 782 1279 845 urbibus—
1303 781 1336 846 id
1360 783 1447 865 quod
1470 782 1590 846 solebat

284 901 409 961 semper
431 880 501 944 fieri
526 918 566 926 —
592 881 687 944 multi
711 902 743 943 se
768 880 962 944 convertisse
986 880 1225 944 nuntiabantur.
1262 880 1316 943 sed
1336 881 1432 943 etiarn
1451 880 1535 944 hanc
1550 917 1589 924 ——

283 977 409 1041 videtur
432 977 590 1042 Tulamba
612 979 711 1041 fuisse
736 1016 777 1024 -
803 999 875 1042 oum
895 977 1114 1042 Alexandrum
1140 979 1397 1062 appropinquare
1422 977 1591 1059 audissent,

283 1074 372 1138 Malli
401 1075 613 1140 deseruerant.
660 1077 717 1158 qui
744 1075 916 1160 Hyarotim
948 1076 1083 1139 fluvium
1116 1077 1308 1161 transgressi
1340 1077 1375 1139 in
1406 1076 1496 1140 fluvii
1523 1077 1591 1159 ripa

284 1173 405 1254 dextra,
425 1195 506 1256 quae
526 1175 591 1238 alta
609 1178 685 1256 erat,
705 1175 922 1256 consederant,
941 1178 1107 1256 tamquam
1126 1175 1264 1238 transitu
1283 1174 1477 1258 prohibituri
1491 1173 1591 1238 Mace-

284 1271 391 1334 dones.
439 1292 502 1352 quc
531 1276 695 1356 comperto
723 1294 778 1336 rex
808 1294 918 1336 omnes
947 1273 1003 1354 qui
1033 1273 1248 1355 sequebantur
1276 1273 1398 1356 equites
1423 1273 1592 1336 adsumens

284 1369 323 1432 ad
342 1367 513 1453 Hyarotim
533 1370 643 1452 movit,
662 1370 718 1433 ubi
737 1368 853 1434 Mallos
872 1371 973 1434 aciem
992 1370 1181 1434 instruxisse
1202 1371 1342 1434 delatum
1362 1375 1437 1434 erat.
1470 1371 1593 1453 pedites

284 1491 301 1530 e
325 1468 460 1553 vestigio
484 1468 578 1532 iussit
601 1468 700 1550 sequi.
747 1488 884 1550 cumque
908 1468 947 1532 ad
970 1467 1104 1532 fluvium
1128 1468 1251 1532 veniret
1275 1473 1370 1551 atque
1393 1468 1538 1532 hostium
1561 1469 1594 1531 in

286 1566 416 1630 adversa
438 1566 510 1649 ripa
533 1566 633 1630 aciem
658 1565 865 1629 constitutam
890 1570 1040 1647 cerneret,
1065 1566 1233 1630 confestim
1252 1567 1369 1630 vadum
1389 1587 1462 1630 cum
1481 1567 1594 1649 equiti-

285 1665 344 1728 bus
369 1665 446 1729 solis
469 1665 632 1750 ingressus
656 1668 717 1747 est,
747 1685 843 1747 quem
866 1663 957 1727 Malli
980 1664 1014 1727 in
1037 1664 1142 1728 medio
1166 1665 1230 1728 iarn
1255 1664 1387 1728 flumine
1411 1685 1485 1728 cum
1509 1665 1594 1728 vide-

285 1767 369 1846 rent,
402 1763 546 1827 celeriter
579 1762 634 1826 sed
666 1762 777 1826 ordine
809 1762 915 1846 priore
944 1766 1068 1826 servato
1097 1784 1116 1825 a
1145 1763 1216 1846 ripa
1247 1783 1412 1827 recessere.
1459 1762 1593 1826 flumine

286 1865 436 1944 superato
472 1861 599 1924 nemine
636 1860 814 1942 inhibente,
836 1858 1028 1924 Alexander
1065 1881 1138 1924 cum
1176 1860 1253 1924 solis
1291 1861 1452 1945 equitibus
1484 1861 1593 1925 hostes

285 1959 496 2041 persequitur.
530 1957 616 2040 quod
636 1979 708 2021 cum
723 1958 867 2022 viderent
885 1959 943 2041 illi,
963 1959 1106 2023 conversi
1126 1959 1241 2023 acriter
1259 1962 1418 2044 pugnant:
1438 1959 1594 2042 quinqua·

285 2057 376 2141 ginta
412 2056 479 2120 fere
512 2056 601 2119 milia
636 2056 805 2120 hominum
843 2060 940 2120 erant.
989 2078 1125 2140 quorum
1162 2079 1295 2122 numero
1334 2061 1365 2121 et
1398 2057 1464 2120 acie
1497 2057 1594 2122 densa

285 2153 468 2219 Alexander
499 2157 671 2236 conspecta
703 2175 906 2237 nequaquam
939 2176 1082 2240 pugnam
1116 2175 1188 2218 cum
1217 2155 1294 2219 solis
1322 2155 1485 2237 equitibus
1513 2155 1594 2219 inire

287 2253 463 2334 constituit,
486 2251 541 2316 sed
565 2251 788 2334 obequitantes
812 2252 865 2342 hic
884 2253 951 2316 illic
970 2253 1109 2336 impetus
1128 2253 1232 2318 facere
1251 2253 1345 2316 iussit
1364 2275 1468 2336 neque
1485 2257 1595 2317 tamen

202 2427 206 2438 Ι
287 2371 398 2413 manus
423 2371 588 2414 conserere
611 2350 799 2433 priusquam
822 2349 945 2434 pedites
969 2351 1123 2415 adessent.
1156 2374 1222 2416 non
1243 2353 1346 2415 multo
1365 2356 1440 2434 post
1459 2349 1593 2436 Agriani

286 2449 429 2530 aliaeque
461 2449 564 2512 levius
596 2452 792 2512 armatorum
825 2449 967 2534 legiones
997 2471 1075 2532 quas
1105 2451 1237 2514 selectas
1267 2471 1374 2514 secum
1398 2448 1535 2513 ducebat
1562 2453 1594 2512 et

287 2547 444 2632 sagittarii
468 2547 641 2610 adveniunt
663 2568 767 2629 neque
790 2548 904 2629 procul
926 2547 999 2610 inde
1022 2547 1164 2630 phalanx
1182 2547 1326 2631 peditum
1347 2547 1492 2610 cernitur.
1529 2547 1593 2610 iam

285 2643 370 2727 Indi,
403 2645 511 2707 omnia
542 2645 686 2728 pericula
718 2666 791 2708 cum
824 2645 1037 2728 imminerent,
1070 2645 1150 2708 inire
1180 2646 1339 2729 proelium
1367 2666 1434 2708 non
1462 2645 1531 2709 ausi
1560 2645 1595 2708 in

286 2743 398 2808 urbem
412 2742 631 2826 proximarum
651 2743 900 2806 munitissimam
916 2740 1170 2829 confugiunt.³²⁵)
1203 2743 1397 2828 fugientium
1412 2741 1595 2807 Alexander

376 2946 437 3012 325)
467 2943 550 2997 huius
578 2943 656 2997 urbis
684 2945 921 3015 expugnationem
949 2944 1038 2998 solam
1066 2945 1100 2998 de
1127 2944 1215 3026 totius
1242 2944 1311 2998 belli
1339 2943 1483 2998 Mallensis
1511 2945 1594 2998 rebus

306 3015 373 3070 estis
401 3015 540 3069 Diodorus
557 3013 735 3104 Curtiusque
763 3015 895 3071 referunt.
947 3033 980 3070 ac
1008 3015 1146 3070 Diodorus
1174 3015 1289 3070 minime
1317 3015 1469 3099 diligenter
1496 3016 1595 3070 scribit

285 3035 428 3154 11111111,
444 3092 473 3139 2:
503 3083 566 3141 ὁδ’
580 3082 758 3168 Ἀλέξανδρος
781 3095 813 3156 τῇ
837 3087 949 3159 πρώτῃ
972 3086 1069 3141 πόλει
1091 3087 1282 3156 πλησιάσας
1303 3086 1358 3141 avi.
1396 3088 1425 3140 in
1444 3087 1595 3141 Mallorum
1637 3087 1638 3092 ’

285 3129 414 3240 regioires
441 3173 502 3211 eam
526 3157 623 3211 urbem
643 3157 769 3211 extitisse
787 3158 922 3212 Arrianus
934 3143 1025 3212 claris
1043 3159 1135 3212 verbis
1155 3159 1227 3212 dixit
1245 3161 1331 3226 atque
1350 3175 1396 3212 eos
1415 3159 1594 3228 vituperavit,

286 3229 335 3298 qui
354 3229 384 3282 in
403 3227 570 3297 Oxydracis
577 3229 720 3283 conditam
738 3229 825 3282 fuisse
843 3232 1026 3298 putaverunt3
1045 3229 1120 3284 inter
1138 3247 1207 3298 quos
1227 3230 1312 3284 etiam
1327 3228 1416 3284 Curtii
1435 3233 1534 3284 auctor
1552 3235 1595 3284 est

286 3249 331 3370 (qcf.
347 3300 393 3369 IX,
408 3307 425 3352 4
428 3302 532 3368 ,2611
513 3303 600 3368 utque
619 3301 731 3356 videtur
745 3304 773 3354 et
774 3301 832 3354 iarn
845 3301 970 3355 Diodori.
1003 3317 1069 3354 nam
1087 3301 1134 3354 hic
1152 3301 1281 3355 narratl
1296 3301 1328 3354 l.:
1349 3297 1458 3355 coena
1419 3299 1596 3370 Αλέξανδρος

285 3380 319 3442 τῇ
338 3343 434 3443 apdrp
453 3371 531 3426 πόλει
550 3371 824 3440 aspernamenta
846 3375 940 3426 autem
959 3372 1065 3498 priores
1076 3372 1236 3440 Oxydracas
1252 3375 1593 3438 commemoraverat151:

286 3427 508 3511 avrincacensis:
510 3443 520 3496 1
536 3439 707 3510 Ὀξιιὸράκας
725 3443 773 3496 καὶ
791 3444 857 3504 τοὺς
876 3443 1030 3513 ὀέιομαζομ
1031 3463 1098 3506 νοιις
1111 3444 1250 3506 Μαλλούς.
1284 3442 1339 3497 Clit
1341 3443 1457 3496 archum
1474 3443 1594 3498 fortasse

286 3515 455 3568 narrationis
479 3514 562 3568 huius
582 3517 724 3568 auctorem
742 3515 904 3584 putabimus
923 3518 999 3569 recte
1018 3531 1052 3568 ex
1071 3514 1213 3583 Stephano
1232 3515 1368 3582 Byzantio
1387 3514 1594 3582 concludentes,

287 3587 335 3654 qui
359 3604 379 3640 s.
394 3605 418 3640 v.
432 3582 603 3654 Ὀξυδράκαι
630 3585 715 3640 refert
737 3585 929 3639 Ptolemaeum
952 3586 1143 3640 Alexandrum
1171 3602 1307 3640 servasse·
1335 3586 1473 3655 posterior
1499 3558 1594 3641 autenti

286 3657 400 3711 nuntius
420 3675 437 3710 a
457 3657 499 3710 Oli
500 3657 598 3711 tarcho
617 3657 707 3740 primo
727 3660 841 3710 auctore
859 3657 1043 3711 traditust
1000 3661 1050 3712 111
1084 3657 1119 3712 11
1135 3673 1207 3726 quae
1226 3657 1300 3710 infra
1319 3675 1368 3710 suo
1386 3657 1447 3712 loeo
1467 3657 1593 3711 dixerim

286 3729 412 3782 Μ11111;
436 3729 548 3783 Narrat.
564 3728 596 3782 of
611 3729 721 3782 various
741 3728 877 3797 Journeys
896 3729 909 3781 I
927 3748 953 3798 p
969 3735 1021 3782 402
1046 3745 1118 3810 quae
1136 3729 1221 3782 hodie
1240 3731 1283 3782 est
1301 3729 1369 3784 Kot-
1370 3728 1501 3782 Kamalia
1518 3729 1594 3794 urbs,

286 3799 366 3854 illam
385 3799 557 3854 existimavit
575 3799 662 3853 fixisse
678 3801 784 3868 urbem,
803 3801 853 3854 ubi
867 3801 1027 3854 Alexander
1040 3801 1132 3870 gravit
1133 3817 1163 3855 er
1120 3800 1395 3854 ttvulneratus
1353 3803 1402 3854 est.
1436 3798 1567 3870 Cunning
1568 3802 1592 3854 h.

286 3871 343 3940 lp.
360 3875 410 3924 237
439 3871 562 3939 Multan,
591 3887 664 3940 quae
691 3870 811 3924 hodic
803 3888 860 3924 ram
889 3874 966 3924 extat
993 3869 1059 3924 urbs
1088 3872 1124 3925 ad
1147 3871 1295 3925 Acesinem
1323 3872 1378 3925 sita
1401 3871 1497 3940 paullo
1520 3871 1594 3925 infra

286 3941 434 4012 Hyarotim
458 3945 487 3996 et
505 3891 653 3996 Acesiiiem
675 3941 759 3996 hodie
784 3942 967 4010 confluentes,
991 3959 1054 3996 eam
1072 3944 1184 4012 putavit
1202 3943 1316 4012 (erravit
1334 3943 1436 3996 Lassen
1455 3943 1526 4011 Hp.
1544 3948 1592 3996 179

287 4013 350 4068 adn.
367 4016 401 4084 3).
430 4014 549 4068 Burnes:
569 4014 661 4083 11111111
674 4014 733 4083 Hp
736 4014 837 4068 ..4161
866 3987 977 4068 11111111
995 4018 1117 4068 veterem
1131 4014 1281 4068 Mallorum
1299 4017 1384 4084 caput
1402 4015 1488 4067 fuisse
1503 4017 1593 4136 putat,

286 4102 377 4153 neque
395 4084 507 4138 videtur
526 4101 588 4138 eam
607 4101 727 4152 sumere,
754 4101 839 4152 quam
857 4084 908 4153 τὴν
927 4083 1057 4154 μεγισιην
1076 4085 1226 4139 Mallorum
1244 4086 1343 4140 urbem
1361 4086 1495 4139 Arrianus
1513 4088 1593 4140 vocat

285 4157 332 4225 VI,
347 4163 372 4225 8,
388 4163 413 4224 4,
443 4157 492 4210 sed
519 4172 582 4210 eam
605 4172 690 4224 quam
709 4128 867 4210 Alexander
891 4173 1057 4226 oppugnans
1080 4156 1186 4226 sagitta
1209 4173 1299 4226 paene
1322 4157 1359 4210 ad
1382 4159 1500 4210 mortem
1521 4157 1592 4210 ictus

286 4232 336 4283 est.
374 4229 542 4298 probaverat
561 4227 753 4280 Burnesium'
745 4243 803 4280 ram
821 4227 932 4280 Wilson
950 4228 1055 4281 Ariana
1074 4229 1138 4282 Ant.
1158 4247 1185 4297 p.
1202 4233 1261 4284 200.
1299 4229 1349 4282 sod
1368 4228 1490 4298 (conexis
1505 4226 1592 4281 Curtii

193 4343 195 4346 .
287 4305 315 4354 et
333 4300 450 4354 Diodori
473 4298 692 4370 narrationibus)
716 4302 880 4366 quattuor
900 4299 972 4352 dies
991 4299 1137 4368 Hyaroti
1156 4301 1303 4354 secundo
1322 4299 1481 4354 Alexander
1497 4303 1591 4353 vectus

285 4372 323 4425 ad
346 4371 469 4426 Nearchi
492 4369 767 4440 Hephaestionisque
795 4373 887 4424 castra
914 4371 1004 4438 venit3
1033 4387 1105 4440 quae
1133 4372 1169 4424 ad
1198 4371 1367 4425 confluentes
1390 4371 1538 4424 Acesinem
1564 4371 1591 4422 et

286 4444 435 4512 Hyarotim
453 4443 547 4512 posita
566 4444 646 4495 erant
665 4441 699 4494 cf.
714 4442 774 4496 Arr.
790 4441 849 4510 VH,
865 4447 907 4508 13,
924 4448 951 4507 13
973 4449 1014 4507 14,
1029 4449 1053 4496 4.
1091 4443 1150 4496 iam
1167 4443 1315 4511 Hyarotim
1334 4443 1402 4497 olim
1420 4459 1478 4496 non
1495 4441 1591 4495 eodem

286 4515 347 4568 loco
367 4532 422 4582 quo
440 4531 523 4581 nunc,
544 4514 592 4567 sed
611 4513 707 4582 paullo
726 4512 801 4567 infra
814 4512 925 4566 Multan
943 4513 1041 4567 urbem
1055 4513 1169 4567 Acesini
1188 4531 1218 4568 se
1237 4513 1416 4579 commisisse,
1434 4513 1476 4566 ita
1494 4516 1527 4566 ut
1544 4527 1590 4566 arx

286 4586 363 4668 urbis
382 4585 493 4640 Multan
517 4584 663 4668 ininsula
682 4584 887 4654 quodammodo
906 4583 1039 4653 Hyarotis
1063 4585 1140 4638 fluvii
1158 4588 1252 4639 vetere
1270 4585 1389 4669 ,condita
1402 4587 1493 4667 11111,
1522 4583 1590 4638 eun-

222 4797 231 4814 ,
268 4657 515 4817 ο111111111111111111111
516 4656 610 4782 1111111
626 4656 716 4782 iibIeiii
733 4661 797 4780 ivirio
814 4655 1590 4800 1111111111111111111111111111.ξιέῃιῐθ111111ῃῇ1111ιῖ
