3496 5308
853 326 1074 389 ..20-

314 486 441 570 pedites
454 483 634 574 triginta54)
649 485 749 571 mitia,
769 486 957 570 elephantos
976 487 1112 572 triginta
1126 486 1166 549 ad
1181 486 1302 552 bellum
1319 508 1488 552 exornasse
1504 507 1628 572 cogno·

313 588 402 648 verat
435 587 467 650 et
499 583 686 650 societatem
718 584 815 650 inisse
847 605 920 648 oum
947 582 1121 669 Abhisare,
1154 583 1335 650 Abhisarae
1361 583 1503 671 regionis
1531 588 1627 648 trans

313 680 428 746 Indum
461 682 541 747 sitae
573 678 737 769 regulo.⁶⁵)
783 680 952 747 Craterum
980 682 1110 770 Arigaei
1143 683 1243 748 muris
1275 682 1403 748 refectis
1436 705 1508 748 cum
1536 682 1628 746 mili-

312 781 402 844 tibus
441 780 641 866 gravioribus
673 779 771 844 armis
803 780 969 845 instructis
1001 786 1033 845 et
1062 781 1234 866 machinis,
1271 781 1299 846 si
1330 782 1414 847 forte
1446 781 1487 844 ad
1518 802 1627 864 oppu-

311 877 473 962 gnandam
499 878 615 942 urbem
646 900 728 962 opus
752 881 859 943 essent
882 879 1037 962 subsequi
1060 879 1163 944 iussit.
1209 879 1279 964 ipse
1303 901 1375 944 curn
1400 878 1510 944 amicir
1534 877 1625 963 equi-

311 973 401 1040 tibus
438 981 471 1040 et
504 975 757 1060 hippacontistis
790 975 951 1062 Coenique
983 998 1020 1042 ac
1051 976 1336 1062 Polysperobontis
1371 976 1554 1064 legionibus
1588 981 1625 1040 et
1712 1051 1715 1055 ¹

310 1071 464 1159 Agrianis
490 1073 580 1138 mille
611 1073 851 1160 sagittariisque
879 1074 919 1138 ad
942 1072 1150 1162 Guraeumll)
1178 1097 1253 1140 arva
1281 1071 1421 1162 beata⁶⁷)
1449 1074 1511 1138 iter
1533 1073 1624 1139 fecit.

313 1193 395 1255 quae
424 1173 507 1236 circa
530 1171 690 1236 Guraeum
718 1171 781 1236 sita
807 1171 993 1256 procedenti
1021 1171 1062 1236 ad
1082 1170 1263 1238 Assacenos
1290 1172 1489 1259 peragranda
1520 1177 1623 1236 erant.

312 1273 412 1353 atque
438 1269 519 1334 citra
542 1268 702 1335 Guraeum
725 1269 759 1334 in
782 1269 864 1334 valle
887 1269 1030 1334 fluminis
1053 1270 1088 1334 in
1110 1270 1203 1336 illum
1225 1293 1259 1335 se
1282 1270 1488 1336 immittentis
1510 1293 1624 1355 proce-

315 1367 393 1432 dens
416 1389 519 1452 prope
538 1367 656 1432 urbem
680 1367 777 1454 venit,
800 1367 834 1432 in
856 1368 939 1433 valle
963 1368 1073 1452 aliquo
1097 1372 1181 1433 certe
1204 1368 1303 1433 fluvio
1326 1369 1456 1453 perfusa
1478 1372 1516 1432 ut
1536 1368 1623 1434 vide·

316 1469 370 1528 tur
393 1463 548 1552 5115115811
572 1488 668 1550 quarn
690 1464 814 1549 Nysam
837 1465 1028 1532 Macedones
1051 1463 1353 1554 appellaveruntffl),
1376 1489 1449 1532 cum
1472 1467 1550 1532 deus
1571 1466 1622 1530 ibi

403 1662 448 1740 54)
465 1659 607 1714 Itinerarii
626 1661 725 1714 auctor
739 1658 798 1714 CVI
812 1659 1001 1730 quadraginta
1019 1659 1099 1714 milia
1112 1660 1267 1714 Assacanos
1287 1663 1366 1732 (quos
1381 1661 1470 1715 Accae
1484 1661 1622 1729 nominat,

313 1729 457 1784 cf.Curt1i
480 1731 577 1784 urbem
600 1730 631 1783 in
653 1729 815 1801 regionibus
839 1731 910 1785 citra
933 1731 1024 1786 Landi
1049 1747 1136 1802 propa
1154 1731 1229 1786 Dara
1250 1731 1334 1786 sitam
1353 1731 1517 1801 Aca-dira,
1541 1731 1622 1786 cuius

312 1801 386 1856 vocis
406 1801 496 1856 altera
512 1819 578 1883 pars
596 1801 681 1856 bodie
700 1801 730 1855 iu
747 1802 826 1871 Dhyr
844 1802 913 1858 urbe
932 1803 969 1856 ad
986 1802 1137 1873 Pangkora
1156 1802 1269 1856 fluvium
1293 1803 1462 1872 superiorem
1481 1803 1544 1871 sita,
1563 1803 1622 1857 for-

312 1876 387 1927 tasse
406 1873 492 1927 etiam
510 1890 540 1926 m
559 1872 761 1942 Beiram-deri,
780 1873 910 1928 Paloden'
929 1877 1031 1945 exstat)
1051 1874 1202 1928 armavisse
1220 1873 1339 1944 scripsit.
1378 1874 1489 1929 Curtius
1509 1891 1623 1944 quoque

313 1944 395 2014 (VIII,
415 1947 504 2013 1033)
523 1944 805 2016 duodequadraginta
819 1945 898 2000 rnili'a
912 1945 1040 2016 peditum
1054 1947 1152 2000 urbem
1166 1946 1260 1999 Massa
1281 1963 1298 2000 a
1313 1945 1472 2000 defendisse
1486 1945 1622 2013 tradidit;

311 2031 402 2084 neque
420 2017 516 2069 tamen
534 2015 611 2068 XXX
630 2016 707 2084 apud
725 2015 875 2070 Arrianum
892 2016 1002 2071 librarii
1020 2017 1153 2071 mendum
1170 2033 1221 2087 pro
1240 1964 1287 2069 xi
1306 2016 1476 2086 putabimus.
1497 2020 1623 2081 ceterum

314 2086 389 2154 quod
408 2085 468 2140 cod.
487 2085 627 2140 itinerarii
646 2085 695 2140 CV)
712 2088 764 2156 (ed.
784 2087 922 2157 Muelleri)
947 2091 1039 2142 servat
1061 2088 1159 2142 urbem
1182 2089 1323 2157 Argacum
1346 2105 1402 2142 non
1425 2087 1456 2141 in
1474 2088 1623 2142 Andacum

313 2157 442 2226 (Andaka
461 2157 533 2227 An.)
551 2157 662 2212 videtur
680 2157 751 2212 corri
773 2159 876 2212 endum
894 2175 954 2212 esse
973 2176 1037 2213 cum
1055 2159 1199 2228 Muellero,
1219 2159 1268 2214 sed
1286 2158 1317 2212 in
1335 2159 1517 2230 Ar(i)gaeum,
1544 2159 1622 2227 quod

312 2227 448 2299 Arigaion
465 2230 547 2282 vocat
565 2229 700 2283 Arrianus
719 2230 732 2282 I
759 2274 766 2298 ,
785 2236 853 2298 24,6.
891 2247 957 2284 nam
976 2230 1011 2284 de
1029 2231 1084 2285 hac
1102 2231 1170 2284 urbe
1188 2230 1323 2284 Arrianus
1347 2231 1445 2286 refert:
1470 2231 1623 2300 ἐκτειχίσαι

311 2319 340 2354 τε
366 2298 532 2368 προστάσσει
560 2298 705 2374 Κρατέρῳ,
730 2301 764 2354 (15
791 2301 914 2356 Audacia
937 2301 978 2356 nil
1001 2301 1058 2356 tale
1081 2301 1215 2370 traditur,
1235 2317 1326 2370 neque
1345 2304 1426 2356 erant
1449 2301 1563 2356 incensa
1587 2305 1623 2355 ut

311 2371 463 2441 Arigaeum
481 2370 627 2426 itinerarii.

401 2442 578 2513 55)51.Α1·1.
598 2441 644 2511 IV,
664 2447 733 2510 2I,'l.

402 2516 445 2582 56)
465 2516 497 2567 ut
516 2531 599 2584 supra
617 2513 675 2568 iam
693 2513 802 2580 monui,
825 2515 959 2570 Assaoeni
984 2517 1013 2570 et
1031 2515 1134 2570 Guraei
1156 2514 1254 2585 populi
1277 2515 1403 2570 eiusdem
1442 2517 1520 2569 entes
1540 2522 1623 2569 erant

314 2584 452 2653 diversae;
471 2601 537 2639 narn
556 2585 632 2655 quod
651 2585 687 2639 ab
707 2584 770 2640 aliis
790 2585 825 2639 de
839 2586 955 2640 Guraeis
976 2587 1034 2641 sive
1048 2586 1167 2656 Nysaeis
1182 2590 1319 2654 narratur,
1338 2586 1408 2640 Plin.
1454 2631 1458 2642 .
1474 2587 1508 2640 H.
1524 2586 1569 2654 VI,
1584 2592 1621 2640 23

314 2657 349 2710 de
367 2656 526 2727 Aspaganis
544 2655 637 2711 refert.
676 2655 725 2726 qui
743 2656 829 2710 iidem
848 2661 913 2712 aunt
931 2675 995 2712 cunr
1013 2657 1175 2727 Assacenis,
1199 2675 1262 2712 cum
1280 2658 1356 2712 idem
1374 2674 1476 2712 nomen
1494 2656 1623 2711 indicum

312 2727 350 2781 sit
368 2745 385 2782 a
403 2745 436 2782 va
455 2731 484 2783 et
502 2745 580 2852 appa.
618 2727 667 2780 nbi
685 2727 876 2783 habitaverint
895 2729 998 2784 Guraei
1016 2729 1040 2782 si
1059 2729 1228 2800 quaerimus,
1246 2731 1322 2783 recte
1340 2729 1466 2798 Droysen
1483 2729 1510 2782 II
1524 2747 1550 2798 p.
1567 2734 1621 2782 107

312 2806 373 2853 a.2
415 2817 495 2854 assen
559 2817 585 2868 p.
608 2805 659 2853 140
677 2799 833 2870 Hertaberg
850 2800 884 2868 Π,
904 2806 954 2853 221
974 2800 1117 2869 regionem
1136 2817 1221 2869 quam
1242 2799 1327 2854 hodie
1345 2800 1495 2869 Panglxora
1518 2799 1622 2853 fluvius

311 2870 449 2939 percurrit
476 2888 493 2925 a
516 2871 657 2925 veteribus
683 2871 801 2926 Guraeis
826 2871 932 2925 cultum
959 2871 1046 2926 fuisse
1069 2873 1247 2942 sumpserunt
1270 2874 1355 2939 atque
1378 2875 1454 2926 recte
1478 2871 1621 2925 Guraeum

313 2942 432 2996 eundem
459 2943 593 3012 putavere
622 2959 685 2996 cum
712 2941 762 2996 illo
789 2942 873 2996 fluvio
901 2942 950 3012 qui
983 2943 1059 3012 apud
1086 2944 1170 2997 Indos
1201 2945 1310 2997 veteres
1339 2942 1426 2997 Gauri
1457 2943 1620 2998 vocabatur.

310 3012 346 3066 cf.
366 3013 470 3068 Lassen
487 3014 521 3084 Π,
542 3019 593 3067 140
613 3014 656 3068 ed.
676 3014 739 3068 adn.
761 3019 776 3066 6
795 3016 914 3082 atquae
933 3014 968 3068 (15
988 3013 1114 3084 Choaspa
1133 3014 1207 3068 infra
1226 3013 1318 3068 dicam
1337 3015 1402 3068 adn.
1423 3020 1464 3069 67.

402 3087 446 3154 57)
465 3085 592 3154 Droysen
610 3085 643 3151 H,
664 3090 714 3139 109
734 3103 790 3139 non
809 3085 907 3139 debuit
926 3083 1066 3154 oblivisci,
1086 3090 1146 3139 tum
1165 3085 1223 3140 fere
1242 3085 1365 3140 mediam
1383 3086 1470 3140 fuisse
1489 3085 1619 3140 hiemem.

401 3159 445 3227 58)
463 3155 585 3226 primurn
604 3156 679 3210 enirn
696 3156 798 3210 fertilis
816 3155 868 3210 illa
889 3156 968 3228 regio
991 3156 1047 3210 nisi
1073 3157 1104 3210 in
1126 3156 1199 3211 valle
1222 3155 1337 3210 flumine
1360 3157 1474 3226 perfusa
1498 3157 1618 3227 cogitari

312 3245 368 3282 non
386 3228 458 3282 bene
476 3230 582 3297 potest;
602 3230 687 3296 atque
705 3226 873 3282 recentiores
892 3228 984 3282 adhuc
1003 3230 1187 3298 sumpserunt.
1225 3244 1292 3282 sane
1315 3243 1406 3295 neque
1429 3228 1564 3296 Arrianus
1583 3228 1620 3297 V,

314 3307 327 3352 1
348 3317 387 3368 sq.
416 3315 506 3368 neque
526 3297 636 3352 Curtius
654 3298 727 3367 VIII,
748 3305 789 3367 10,
810 3303 824 3352 7
845 3316 884 3366 sq.
914 3299 948 3353 de
967 3299 1052 3354 fluvio
1071 3301 1195 3366 narrant,
1215 3300 1264 3353 sed
1282 3299 1465 3369 neglegenter
1483 3299 1536 3353 hoc
1555 3298 1617 3353 loco

313 3370 422 3425 Curtius
442 3369 514 3440 egit,
532 3374 566 3424 ut
584 3369 654 3424 alias
674 3386 792 3439 quoque.
829 3369 963 3424 Arrianus
983 3389 1033 3426 suo
1051 3371 1113 3425 loco
1133 3370 1274 3424 Guraeum
1292 3373 1405 3424 tantum
1420 3386 1530 3424 amnem
1545 3387 1619 3424 com-

312 3441 492 3510 memoravit,
507 3441 661 3510 posteriore
681 3441 725 3512 (V,
745 3445 771 3510 1)
789 3440 835 3495 vel
853 3441 888 3496 de
908 3458 940 3496 eo
963 3443 1060 3498 tacuit.
1097 3441 1243 3497 Plutarchi
1265 3444 1361 3495 tamen
1383 3441 1545 3496 testimonio
1569 3459 1618 3495 cur

259 3558 261 3563 .
312 3512 396 3566 fidem
414 3513 581 3584 abrogemus
599 3512 653 3566 hac
671 3512 787 3582 quidem
804 3511 835 3565 in
853 3529 882 3566 re
902 3513 1033 3581 equidem
1050 3513 1157 3582 nesci03
1177 3511 1227 3582 qui
1244 3512 1274 3566 in
1293 3513 1352 3566 vIta
1370 3512 1449 3567 Alex.
1471 3530 1493 3568 c.
1509 3519 1543 3567 58
1562 3517 1619 3567 tra-

252 3641 255 3648 ,
313 3583 397 3638 didit:
417 3585 499 3657 Νύσῃ
518 3594 573 3638 τῶν
591 3581 770 3640 Μακεδόνων
794 3584 952 3640 ὀκνούντων
971 3586 1123 3655 προσάγειν
1142 3617 1176 3625 -
1195 3585 1244 3638 καὶ
1267 3584 1320 3653 γὰρ
1343 3585 1468 3652 ποταμὸς
1490 3579 1525 3652 ἦν
1549 3585 1619 3652 πρὸς

312 3656 382 3726 αὐτῇ
407 3656 512 3728 βαθύς,
536 3689 569 3697 -
594 3652 720 3726 ἐπιστὰς,
744 3657 774 3710 (ί
793 3655 860 3725 yda,
884 3651 976 3723 εἶπεν,
1003 3656 1018 3710 ὁ
1043 3656 1173 3718 κάκιστος
1194 3652 1251 3724 ,ἐγὼ
1270 3663 1331 3710 νεῖν
1349 3656 1402 3710 oda
1422 3655 1545 3725 ἔμαθον;
1569 3657 1618 3708 nal

311 3726 366 3796 ἤδη
387 3725 457 3797 ἔχων
474 3727 526 3796 τὴν
544 3725 651 3782 ἀσπίδα
669 3736 759 3797 περᾶν
781 3726 929 3797 ἠθέλησεν.
968 3727 1101 3782 Claudius
1121 3730 1216 3781 autern
1238 3726 1416 3781 Ptolomaeus
1435 3743 1520 3796 quam
1543 3743 1617 3780 com·
1665 3743 1668 3748 ’
1739 3741 1740 3760 ¹

312 3801 449 3854 memorat
475 3799 574 3870 urbem
601 3798 814 3869 Dionysopolim
840 3798 870 3853 in
899 3799 1001 3853 finibus
1029 3799 1201 3853 Guraeorum
1229 3798 1298 3869 (VII,
1324 3805 1351 3852 1:
1380 3798 1504 3868 Ndyapc
1527 3796 1545 3865 ἢ
1569 3799 1617 3851 ani

313 3869 525 3942 Διονυσόπολις)
544 3870 603 3924 sine
622 3871 708 3924 dubio
726 3870 912 3926 Macedonum
930 3870 981 3924 illa
1005 3873 1047 3924 est
1065 3870 1156 3938 Nysaz
1178 3869 1322 3940 Nagaram
1344 3871 1443 3924 urbem
1465 3869 1514 3924 ille
1537 3872 1618 3924 notat

312 3941 408 4011 paullo
426 3941 501 3995 infra
520 3942 641 4011 Goryam
660 3945 743 4013 (quae
762 3942 880 3996 fortasse
900 3943 999 3995 eadem
1017 3944 1061 3996 est
1075 3945 1160 4009 atque
1174 3940 1344 3995 nostratium
1357 3941 1527 4012 Pangkora
1540 3941 1617 4011 urbs)

314 4015 343 4066 et
360 4013 456 4082 paullo
475 4013 566 4084 magis
586 4013 622 4067 ad
641 4013 816 4078 occidentem
833 4029 930 4067 versus
957 4012 1042 4066 sitam
1066 4013 1162 4067 fuisse.
1199 4012 1248 4066 sed
1266 4029 1399 4083 magnum
1425 4013 1516 4066 sinum
1539 4013 1616 4068 facit.

313 4084 439 4138 Guraeus
467 4085 568 4138 fluvius
596 4084 625 4138 in
653 4083 827 4138 occidentem
854 4100 950 4137 versus
973 4085 1005 4136 ut
1027 4086 1123 4138 tamen
1145 4101 1232 4154 prope
1255 4084 1370 4138 fluvium
1393 4083 1534 4139 Guraeum
1562 4083 1618 4138 sita

313 4172 372 4210 esse
399 4155 490 4225 possit
517 4156 583 4209 urbs
611 4154 821 4216 Διονοσόπολις.
860 4157 984 4209 ceterum
1011 4153 1040 4208 in
1061 4154 1233 4210 Guraeorum
1260 4155 1374 4226 regione
1397 4156 1504 4226 Nysam
1533 4155 1617 4208 sitam

312 4226 399 4281 fuisse
416 4227 508 4282 elucet
526 4227 613 4280 etiam
631 4243 664 4280 ex
682 4225 791 4279 Arrian.
811 4225 858 4295 IV,
878 4232 937 4294 23,1
962 4225 1011 4294 qui
1034 4227 1120 4282 refert
1142 4227 1299 4297 προυχώρει
1327 4227 1367 4290 εἰς
1387 4229 1440 4297 τὴν
1465 4224 1616 4282 Ἀσπασίων

312 4299 410 4353 (51151
430 4297 575 4367 Γουραίων
594 4299 687 4368 χώραν
705 4297 754 4350 καὶ
769 4295 950 4365 Ἀσσακηνῶν.
987 4297 1045 4351 iam
1063 4299 1099 4352 de
1116 4298 1218 4368 pugnis
1242 4298 1326 4354 factis
1350 4317 1413 4354 curn
1436 4297 1563 4368 Aspasiis
1589 4300 1618 4352 et

313 4369 463 4424 Assacenis
481 4368 572 4422 multa
590 4370 699 4436 narrat;
718 4368 753 4422 de
772 4367 890 4423 Guraeis
908 4367 950 4421 nil
968 4369 1064 4438 tradit,
1083 4369 1139 4423 nisi
1163 4387 1328 4440 peragrasse
1355 4387 1451 4425 eorum
1473 4369 1618 4441 regionem

314 4441 505 4496 Alexandrum
524 4443 554 4494 et
572 4454 717 4508 superasse
741 4439 843 4494 flumen
863 4439 1003 4494 Guraeum
1025 4441 1071 4510 IV,
1092 4447 1160 4509 256.
1198 4459 1285 4509 quare
1308 4457 1412 4511 magna
1435 4459 1497 4496 cum
1521 4439 1618 4495 verisi-

312 4511 474 4566 militudine
494 4514 634 4565 certamen
653 4527 716 4563 curn
741 4509 862 4580 Nysaeis
886 4509 1005 4579 aliisque
1028 4513 1164 4568 finitimae
1189 4512 1312 4581 regionis
1335 4511 1434 4566 incolis
1458 4513 1617 4567 Alexandro

314 4584 344 4638 in
363 4582 537 4637 Gnraeorum
555 4580 656 4635 finibus
675 4582 817 4636 exstitisse
841 4586 1020 4652 sumpserunt
1038 4584 1214 4638 recentiores.
1252 4600 1308 4652 quo
1332 4583 1367 4636 de
1390 4583 1542 4638 certamine
1566 4600 1616 4638 suo

312 4654 374 4710 loeo
398 4656 475 4708 tacet
497 4652 645 4721 Arrianus,
669 4656 769 4722 postea
792 4655 874 4723 quasi
897 4655 1081 4725 appendicem
1108 4655 1299 4710 narrationem
1326 4670 1360 4708 ex
1387 4653 1460 4707 veris
1489 4655 1617 4724 fictisque

313 4727 430 4781 mixtam
450 4725 484 4779 de
500 4723 619 4796 Nysaeis
639 4724 732 4779 adfert
749 4725 783 4796 V,
800 4733 813 4780 1
834 4744 874 4794 sq.
913 4727 947 4781 de
966 4726 1069 4796 quibus
1087 4727 1148 4797 ipse
1167 4743 1223 4780 non
1241 4725 1329 4780 habet
1347 4725 1483 4779 iudicium
1502 4729 1616 4796 certum,
