3506 5306
652 355 875 421 ..77-

115 534 196 600 infra
219 535 351 621 Kdugra
373 557 474 620 prope
498 516 679 620 Hyphasim
708 537 814 600 situm.
861 536 918 618 qui
941 533 1112 620 populares
1136 535 1231 599 iussit
1254 555 1349 620 agros
1375 555 1426 598 co-

113 631 177 698 lere
219 635 422 721 negotiisque
464 634 513 698 uti
554 634 824 718 quemadmodum
857 633 1010 716 solerent,
1053 655 1125 698 cum
1158 634 1227 718 ipse
1259 632 1424 698 nobilibus

114 732 342 796 comitantibus
362 731 546 796 Menandro
570 737 758 815 occurreret,
781 733 866 797 dona
889 753 987 816 seque
1009 753 1208 818 regnumque
1230 729 1424 817 traderem)

115 833 210 913 atque
244 831 329 895 hunc
363 851 491 915 quoque
524 832 581 914 qui
603 831 685 895 bene
717 831 823 914 ipsum
847 831 1086 913 exercitumque
1109 830 1243 913 excepit,
1267 829 1301 892 in
1323 850 1424 914 regno

114 929 285 993 confirmat
305 928 497 1012 Alexander,
520 949 594 994 cum
618 928 658 993 ad
681 927 846 1012 Hyphasis
869 927 961 992 fluvii
983 927 1091 991 locum
1114 927 1345 1013 regrederetur,
1367 927 1425 990 ubi

113 1029 206 1090 antea
230 1026 294 1091 iam
318 1027 423 1091 fuerat
445 1049 548 1112 prope
562 1025 748 1110 Gurdaspur
770 1027 892 1090 urbem.
934 1026 980 1089 ibi
1004 1027 1090 1090 enim
1113 1026 1166 1090 ria
1189 1029 1277 1090 tram
1292 1024 1424 1108 Hypha

113 1124 231 1188 sim-et
254 1124 436 1208 Hesydrum
460 1124 597 1189 ducebat
620 1125 660 1188 ad
683 1123 818 1188 fiumina
835 1123 1002 1189 Iamunam
1026 1128 1059 1188 et
1073 1122 1227 1210 Gangem.
1255 1123 1301 1188 ibi
1323 1128 1425 1187 trans-

114 1223 158 1285 ire
190 1224 321 1306 statuit,
350 1244 424 1287 cum
456 1222 565 1288 nullus
598 1222 676 1287 belli
707 1224 737 1287 ei
759 1226 929 1307 appareret
955 1223 1029 1286 finis
1053 1222 1130 1286 dum
1162 1220 1280 1286 hostile
1303 1221 1426 1306 aliquid

114 1318 276 1403 reliquum
308 1317 440 1407 erased)
487 1325 520 1385 et
551 1342 591 1385 ex
622 1320 751 1406 Phegeu
785 1343 867 1405 quae
895 1319 1057 1386 noscenda
1080 1324 1172 1386 erant
1195 1319 1424 1404 exquisiverat:

116 1418 301 1502 opulentam
332 1421 403 1484 e'sse
435 1419 600 1504 regionem
632 1422 721 1483 trans
744 1417 926 1502 Hyphasim
951 1415 1116 1501 sitamm),
1148 1417 1283 1503 longum
1315 1422 1425 1482 tamen

114 1538 170 1600 per
201 1539 273 1581 eam
306 1539 375 1582 esse
389 1518 459 1582 viter
482 1516 522 1581 ad
547 1514 691 1603 Gangem
719 1517 820 1582 totius
843 1515 953 1581 Indiae
976 1537 1103 1580 amnem
1126 1516 1424 1600 profundissimum.

115 1617 350 1701 transgressum
365 1620 555 1700 excepturos
570 1635 639 1679 esse
658 1615 722 1679 iam
736 1614 883 1680 Praesios
891 1611 943 1701 ²⁴⁹)
967 1618 1000 1679 ot
1023 1610 1281 1700 Gandaridas²⁶⁰)
1295 1614 1425 1680 horum-

116 1842 230 1897 fluvium
248 1845 448 1898 commemorat
465 1841 710 1913 Reges-Ganga,
734 1843 784 1912 qui
803 1859 867 1897 cum
884 1841 1077 1912 Bau-Ganga
1095 1841 1170 1896 infra
1187 1841 1311 1912 Haripur
1328 1843 1427 1898 urbem

117 1931 278 1985 congressus
293 1916 390 1984 Beyah
403 1915 507 1969 flumen
525 1915 635 1970 formet.
672 1915 764 1985 Begas
783 1917 813 1969 et
829 1915 958 1984 Phegeus
976 1931 1040 1968 mea
1058 1915 1174 1983 quidem
1192 1916 1333 1968 sententia
1351 1915 1428 1968 idem

117 1986 288 2044 vocabulum.
326 2004 359 2042 ac
383 1988 408 2042 si
426 1987 466 2042 Be
487 1988 523 2052 ab
547 1988 596 2056 qui
622 2001 639 2040 a
661 1986 804 2042 nonnullis
822 1986 928 2056 chass
947 1989 1071 2053 vocatur,
1095 2002 1110 2040 e
1132 1985 1225 2040 fluviis
1244 1987 1352 2042 duobus
1371 1986 1426 2042 for-

117 2060 213 2124 matur,
233 2075 352 2126 quorum
369 2076 441 2112 unus
459 2005 551 2128 Gegas
570 2057 739 2128 appellatur,
762 2059 833 2112 mihi
856 2058 971 2126 quidem
990 2059 1097 2111 certum
1115 2057 1234 2124 videtur,
1262 2074 1323 2111 esse
1350 2059 1427 2112 idem

116 2145 214 2184 nomen
233 2129 325 2200 Begas
344 2131 374 2184 et
391 2129 504 2199 Beyass.
542 2132 604 2184 erat
622 2130 711 2199 igitur
724 2129 830 2199 Phegei
848 2145 966 2200 regnum
985 2130 1060 2183 circa
1079 2130 1251 2199 superiorem
1269 2129 1427 2199 Hyphasim

117 2199 229 2255 flauum
247 2201 292 2255 vel
311 2201 525 2272 Bogus-Ganga.
563 2202 639 2270 quod
657 2217 760 2254 nomen
781 2202 858 2270 regis
877 2204 906 2256 et
923 2201 1002 2256 fluvii
1021 2201 1163 2271 congruit:
1192 2218 1277 2270 supra
1296 2202 1427 2270 cognovi-

117 2273 353 2398 bertreis
371 2272 533 2398 lestis
545 2275 654 2397 lm
661 2272 1210 2398 helmstadienses
1238 2273 1426 2342 1¹³⁸⁶⁰⁰¹¹i⁰⁰i

201 2362 265 2487 aad)
284 2415 424 2469 Diodorus
444 2415 528 2484 XVII,
544 2361 767 2486 tailgnll'begeum
794 2415 864 2470 duos
891 2431 947 2498 per¹
968 2414 1029 2468 dies
1058 2414 1149 2484 epulis
1172 2418 1264 2470 totum
1283 2415 1425 2484 excepisse

119 2485 183 2540 dicit
201 2487 369 2540 exercitum:
399 2504 462 2541 eum
482 2486 593 2541 Grrtius
621 2488 716 2541 taceat
743 2487 778 2541 de
796 2486 850 2542 tali
869 2487 995 2540 convrrio
1018 2488 1169 2554 narretque
1187 2488 1299 2540 tantum
1316 2487 1363 2553 IX,
1383 2492 1425 2554 2‚1

120 2557 233 2611 biduum
252 2559 329 2628 apud
348 2574 412 2612 eum
431 2557 592 2612 substitisse
610 2557 809 2625 Alexandrum,
828 2558 968 2612 Diodorus
988 2560 1073 2626 atque
1093 2557 1164 2611 adeo
1179 2560 1278 2613 auctor
1297 2559 1357 2612 eius
1375 2558 1426 2612 fin-

119 2628 156 2684 xit
172 2629 394 2756 mmm
405 2629 708 2756 Gunffiumfiffmdum
727 2630 829 2700 prioris
847 2630 922 2700 regis
942 2629 1067 2699 Sopithis
1087 2628 1286 2699 epulationem.

202 2707 254 2755 aar
286 2718 321 2755 e.
396 2743 402 2754 .
439 2707 522 2768 ,sse
581 2744 585 2755 .

201 2705 268 2843 mi
284 2773 326 2826 ita
349 2773 484 2826 Arrianus
497 2744 532 2838 ’V‚
548 2778 607 2840 25,1
634 2773 761 2828 tradidit.
785 2775 818 2827 ut
841 2771 1091 2840 CurtiusIX,2,2,
1116 2772 1167 2825 ‘XI
1195 2773 1304 2826 dierum
1331 2772 1426 2826 ultra

120 2842 245 2898 flumen
262 2861 314 2913 per
332 2847 427 2898 vastas
447 2843 613 2898 solitudines
632 2844 688 2898 iter
706 2845 777 2898 esse’
798 2861 833 2900 ex
851 2843 963 2914 Phegeo
983 2844 1142 2898 Alexander
1161 2843 1314 2898 audiverat
1343 2843 1425 2898 Diod.

119 2913 197 2982 XVII,
212 2922 274 2981 933
295 2917 388 2969 servat
406 2915 457 2968 XII
476 2915 551 2982 dies3
579 2915 700 2970 fortasse
718 2916 805 2970 etiam
828 2916 905 2985 apud
924 2915 1050 2970 Curtium
1069 2915 1278 2986 corrigendum
1306 2932 1373 2968 nam
1391 2931 1426 2969 ex

120 2986 212 3041 todem
239 2989 352 3041 auctore
376 2985 447 3042 haee
466 3003 528 3040 snm
549 2991 658 3054 serunt,
681 2989 714 3041 ut
736 2987 823 3042 etiam
846 2988 923 3056 apud
941 2986 1096 3041 Diodorum
1118 2987 1184 3056 περὶ
1201 2995 1250 3056 τῆς
1267 2988 1359 3056 χώρας
1377 2995 1426 3056 τῆς

119 3056 202 3126 πέραν
216 3066 269 3112 τοῦ
278 3056 372 3112 Ἰνδοῦ
387 3067 514 3127 ποταμοῦ
523 3005 609 3112 deone
619 3056 713 3114 Ἰνδοῦ
724 3059 801 3114 docti
814 3059 994 3130 grammatici
1007 3057 1254 3128 interpolationem
1264 3075 1424 3128 cognoscas.

121 3132 179 3183 sunt
197 3129 315 3198 quidem
332 3129 418 3183 hodie
436 3145 548 3198 quoque
567 3132 664 3184 vastae
684 3129 753 3185 illae
771 3129 939 3185 solitudines
956 3129 1033 3184 ultra
1051 3130 1151 3183 Indum
1169 3132 1199 3184 st
1216 3129 1292 3184 ultra
1310 3129 1426 3198 Hypha-

121 3200 166 3254 sim
184 3205 215 3255 et
233 3200 393 3270 Hesydrum
410 3200 509 3255 fluvios
528 3201 691 3256 coniunctos
710 3201 754 3256 vel
767 3201 922 3268 inferiores,
942 3203 1028 3270 atque
1042 3203 1211 3272 cognoverat
1228 3201 1348 3255 fortasse
1361 3201 1426 3254 Ale-

119 3273 223 3327 xander
241 3273 278 3327 do
294 3273 381 3326 vastis
399 3271 458 3327 iilis
477 3272 686 3339 solitudinibus,
705 3291 762 3327 non
775 3276 871 3327 tamea
888 3273 1081 3344 peragrandas
1100 3272 1155 3326 sibi
1174 3289 1235 3326 esse
1254 3273 1278 3326 si
1297 3273 1334 3326 ad
1352 3271 1425 3326 Gan-

120 3359 175 3413 gem
205 3345 354 3413 penetrare
382 3343 474 3398 vellet.
513 3344 558 3398 sin
581 3362 599 3398 a
621 3344 786 3414 Gurdaspur
813 3345 850 3399 ad
877 3345 1039 3400 inferiorem
1062 3345 1163 3398 Indum
1185 3346 1264 3398 recta
1288 3343 1334 3398 ria
1361 3361 1425 3414 pro-

120 3416 213 3469 cedere
241 3415 272 3469 in
300 3415 394 3469 animo
422 3415 531 3481 habuit,
559 3416 589 3469 in
612 3417 706 3470 medio
734 3417 835 3470 itinere
863 3416 1039 3486 superandae
1062 3418 1143 3470 erant
1165 3415 1232 3470 illae
1252 3415 1424 3470 solitudines.

118 3502 180 3540 ‘num
200 3485 267 3540 talis
291 3486 402 3540 consilii
425 3487 508 3556 quasi
531 3488 689 3542 recordatio
708 3487 828 3542 obscura
849 3488 966 3542 nuntius
984 3490 1080 3542 noster
1098 3487 1187 3541 Curtii
1205 3489 1291 3556 atquc
1310 3487 1426 3540 Diodori

120 3556 219 3612 fuerit?
256 3560 316 3612 tum
340 3573 408 3612 sane
425 3558 517 3613 Ἰνδοῦ
540 3575 597 3612 non
621 3559 751 3613 additum
773 3559 824 3614 sed
840 3559 931 3628 πέραν
953 3567 1003 3613 τοῦ
1019 3557 1113 3613 Ἰνδοῦ
1131 3567 1258 3627 ποταμοῦ
1278 3573 1294 3612 ο
1311 3558 1426 3628 regiona

120 3629 258 3699 scriptoris
286 3629 380 3698 graeci
409 3629 516 3683 dictum
541 3632 623 3684 esset.
662 3631 728 3684 utut
755 3633 810 3698 est,
835 3631 870 3684 de
888 3633 964 3685 terra
982 3632 1060 3684 trans
1079 3630 1236 3699 Hyphasim
1255 3630 1426 3698 superiorem

121 3700 168 3756 sita
188 3701 307 3754 Arriano
322 3701 458 3755 maiorem
481 3701 636 3756 habeamus
658 3702 743 3756 fidem
766 3717 880 3757 necesse
894 3705 953 3756 est.
990 3718 1056 3756 narn
1074 3717 1171 3755 revera
1189 3700 1364 3755 fertilissima
1383 3703 1426 3754 est

121 3773 194 3842 regio
213 3772 288 3826 inter
306 3771 464 3842 Hyphaeim
483 3775 512 3828 et
530 3773 689 3841 Hesydrum
707 3773 806 3828 fluuos
824 3772 950 3827 noudum
968 3772 1138 3827 commissos.

206 3845 270 3913 249)
289 3844 324 3898 de
342 3843 464 3898 Praesiis
482 3844 527 3899 vel
545 3844 650 3899 Prasiis
674 3844 778 3916 (indice
801 3844 918 3913 Prekja,
942 3844 1052 3898 incolae
1071 3843 1216 3898 orientalis
1235 3845 1327 3902 terrae
1346 3845 1424 3898 trans

122 3913 271 4040 Iamdnar'pl
290 3916 319 3969 et
342 3914 469 3986 Gangem
497 3915 668 3971 confluentes
697 3916 778 3986 sitae)
807 3916 841 3970 cl.
861 3915 999 3970 Lefinann
1016 3915 1035 3968 l.
1050 3915 1068 3968 l.
1088 3933 1115 3985 p.
1132 3921 1196 3983 32⁷3
1222 3921 1271 3969 ‘let
1292 3915 1423 3970 Kacrstl

142 3991 214 4041 ,356
271 4003 298 4039 n.
315 3993 339 4040 1.
868 4021 869 4028 .

123 4003 139 4055 p
202 4061 267 4129 250)
286 4058 356 4112 satis
375 4058 492 4112 dubium
511 4059 562 4126 est,
580 4061 675 4113 ntmm
693 4057 797 4113 rectius
815 4057 955 4112 Diodorus
969 4058 1058 4123 XVII,
1074 4063 1155 4126 tasq.
1184 4058 1258 4112 Plut.
1277 4059 1325 4113 vit.
1345 4057 1423 4112 Alex.

121 4145 139 4182 e.
153 4133 187 4184 tt
216 4128 394 4184 Gandaridas
422 4133 647 4196 commemorent,
676 4147 713 4184 an
741 4129 852 4184 Curtius
875 4129 922 4197 IX,
943 4135 986 4196 ht
1013 4130 1104 4184 lustin
1122 4129 1212 4196 xus
1241 4128 1423 4200 Gangaridas.

120 4199 260 4256 Gandaros
287 4200 337 4255 illo
364 4205 490 4270 tempore
517 4202 591 4256 inter
618 4201 750 4256 Suastum
778 4204 807 4256 et
824 4202 932 4268 Indum,
951 4217 1034 4272 porro
1058 4202 1098 4255 eis
1117 4203 1147 4255 et
1164 4204 1244 4255 trans
1260 4201 1424 4269 Hydaspem

118 4271 282 4340 inferiorem,
311 4273 433 4341 denique
460 4272 637 4328 Gandaridas
664 4275 742 4327 tram
770 4272 918 4342 Hyarotim
944 4273 1089 4328 habitasse
1117 4289 1201 4342 supra
1234 4272 1422 4342 cognovimus.

119 4343 233 4399 fortasse
260 4343 440 4399 Gandaridae
467 4345 555 4398 etiam
583 4344 620 4398 ad
648 4343 775 4413 Gangem
803 4345 948 4412 exstitere;
976 4345 1026 4398 sed
1053 4344 1200 4399 nescimus.
1244 4343 1424 4414 Gangaridae

119 4414 372 4542 lwti‘immt
398 4419 517 4541 litt?
534 4416 734 4542 'delet
761 4414 1422 4541 ⁰³iim¹⁰a¹³⁰¹¹tt¹¹¹st1¹¹⁸t³¹¹l¹e¹delti¹ff

120 4503 237 4628 rasitata
255 4503 382 4629 ldgdddir
397 4560 426 4612 et
448 4503 633 4629 Gailigendi
660 4503 735 4630 dine)
762 4487 1320 4629 ifraedidlasuiPraliesiGngdilGanlgaridaa
1334 4505 1423 4640 viiito}

120 4645 175 4684 esse
192 4630 290 4684 tradit.
327 4631 403 4698 quod
425 4633 573 4699 praeterea
591 4629 726 4699 (laphitas
750 4632 950 4684 commemorat
973 4633 1061 4699 (tram
1081 4629 1208 4699 Gangem
1227 4632 1323 4698 aperte
1342 4629 1422 4682 habr-

121 4702 220 4772 tanbes)
239 4703 289 4756 aut
308 4703 383 4756 errat
402 4703 453 4756 aut
469 4701 553 4755 fulcit
571 4701 740 4756 sententiam
758 4716 850 4755 meam
869 4701 904 4755 de
924 4700 1106 4756 Gandaridis:
1136 4717 1199 4755 cum
1217 4717 1270 4755 rex
1289 4701 1423 4770 Ouphites

122 4772 248 4828 cohaeret
271 4789 335 4827 oum
358 4772 482 4843 Cophete
504 4771 550 4827 rel
574 4771 704 4843 Gophaeo
727 4771 823 4840 flauo,
848 4773 926 4830 euius
950 4773 988 4826 ad
1012 4773 1089 4842 ripas
1113 4772 1262 4828 Gandarae
1280 4771 1424 4826 habitasse
