3506 5306
826 273 1163 378 „90-,

284 461 534 542 apportaverunt
553 455 649 518 etiam
664 454 780 540 viginti
799 453 941 536 quinque
961 452 1049 516 milia
1067 451 1292 538 panopliorum
1313 473 1389 514 auro
1410 455 1441 514 et
1459 453 1601 534 argento

285 557 487 636 caelatorum,
510 552 685 617 Alexandri
708 551 869 636 peditibus
895 573 976 634 quae
994 549 1133 616 maxime
1153 555 1234 633 op'us
1254 553 1343 614 erant
1363 549 1603 630 confestimque

285 653 394 717 divisis
418 656 524 717 vetera
548 673 603 714 rex
628 650 721 714 iussit
745 649 885 714 cremari.
919 670 1023 732 neque
1046 669 1112 712 non
1137 651 1264 712 centum
1288 647 1604 712 medicamentorum

287 753 408 815 talenta
430 751 616 831 attulenmt,
640 769 721 831 quae
745 748 828 811 inter
851 748 980 832 agmina
1003 747 1130 832 singula
1153 745 1324 809 distributa
1347 748 1428 808 sunt.

374 847 455 912 Tum
480 847 528 911 nil
550 846 746 930 impediebat
769 846 940 928 quominus
964 844 1202 930 navigationem
1227 841 1409 906 Alexander
1431 843 1605 926 inciperet.

286 952 382 1030 atque
405 947 439 1010 in
462 967 559 1009 naves
582 945 719 1029 remiges
749 944 975 1026 ministrosque
1003 943 1159 1026 imposuit
1181 940 1379 1006 Phoenicum
1404 939 1607 1025 Cypriorum
1720 931 1736 1004 s

286 1044 402 1108 Garum
432 1042 666 1128 Aegyptiorum
695 1045 775 1124 quot
801 1064 908 1105 rerum
935 1041 1098 1105 navalium
1126 1039 1221 1124 periti
1249 1043 1354 1103 essent
1382 1042 1414 1102 et
1441 1038 1608 1102 insulares

285 1142 443 1224 lenesque
463 1145 494 1203 et
513 1138 752 1222 Hellespontios
771 1140 822 1203 his
842 1141 875 1203 in
893 1139 988 1203 rebus
1007 1139 1087 1202 bene
1107 1133 1312 1222 versabam)
1345 1137 1544 1200 trierarchos
1552 1131 1608 1220 ²⁸⁵)

287 1245 395 1305 autem
423 1238 558 1302 nasibus
585 1237 739 1320 praefecit
765 1236 956 1302 Macedones
983 1239 1057 1302 hos:
1103 1234 1376 1320 Hephaestionem
1400 1233 1611 1319 Amyntoris,

288 1339 489 1403 Leonnatum
513 1335 628 1418 Eunai,
652 1335 881 1419 Lysimachum
904 1334 1103 1420 Agathoclis,
1127 1333 1395 1417 Asclepiodorum
1424 1331 1611 1414 Timandri,

286 1435 485 1501 Archontem
501 1431 631 1516 Cliniae,
645 1432 858 1497 Demonicum
874 1431 1041 1516 Athenaei,
1055 1431 1208 1497 Archiam
1223 1431 1408 1514 Anaxidoti,
1427 1429 1611 1514 Ophellam

286 1629 313 1681 ei
331 1627 431 1692 fuisse,
450 1644 520 1695 quos
540 1628 624 1680 antea
643 1626 801 1680 Alexander
820 1626 962 1694 praesidio
981 1626 1108 1695 pecuniis
1127 1625 1281 1696 reliquerat
1300 1643 1363 1678 cum
1382 1623 1523 1693 Harpalo:
1560 1639 1612 1676 sex

286 1699 366 1753 milia
383 1697 512 1768 peditum
531 1697 724 1764 Macedonum,
744 1697 861 1766 equites,
881 1697 981 1751 leviter
995 1699 1117 1750 armatos
1133 1697 1167 1749 cf.
1183 1697 1293 1750 Arrian.
1309 1695 1355 1762 111,
1373 1702 1414 1762 19,
1430 1702 1444 1748 7
1460 1727 1495 1735 —
1512 1694 1612 1750 tradit

287 1769 446 1824 adduxisse.
484 1769 520 1822 de
539 1769 638 1823 ceteris
657 1771 743 1823 tacet.
781 1765 960 1822 videntur'hi
980 1769 1053 1822 inter
1072 1785 1118 1822 eos
1137 1768 1225 1821 fuisse
1244 1785 1314 1837 quos
1333 1767 1473 1821 Diodorus
1492 1783 1512 1820 a
1533 1769 1611 1819 stra-

287 1842 360 1912 tegis
388 1842 510 1896 testabar
538 1841 674 1894 adductos
704 1855 771 1894 esse.
819 1841 867 1893 sed
892 1857 983 1894 errare
1011 1839 1141 1893 videntur
1169 1837 1416 1906 Kochly-Riistow
1438 1839 1456 1891 l.
1472 1839 1490 1890 l.
1506 1857 1537 1908 p.
1556 1843 1612 1892 258

288 1913 352 1968 adn.
368 1917 411 1980 85,
430 1911 479 1982 qui
499 1927 594 1965 omnes
613 1914 725 1980 praeter
744 1913 976 1965 commemoratos
996 1910 1122 1966 aCurtio
1143 1927 1176 1964 ex
1194 1909 1345 1980 provinciis
1364 1910 1518 1964 maritimis
1541 1926 1611 1963 con-

289 1984 408 2054 scriptos
427 1999 488 2037 esse
506 1985 614 2052 putent.
653 1983 776 2052 Sopolis,
795 1982 948 2052 Epocillus,
968 1982 1096 2036 Menidas
1115 1983 1144 2035 in
1162 1983 1256 2050 ipsam
1274 1998 1386 2050 quoque
1405 1981 1611 2035 Macedoniam

288 2056 367 2110 missi
386 2057 468 2108 erant
484 2054 680 2124 supplementa
694 2055 837 2123 accepturi
852 2053 1087 2122 (v.Arr.IV,18,3).
1114 2054 1216 2107 mirum
1231 2053 1255 2106 si
1269 2071 1305 2107 ne
1319 2071 1406 2106 unum
1420 2053 1541 2122 quidem
1557 2069 1611 2122 po-

289 2127 396 2181 tuerint
410 2142 518 2195 capere.
547 2142 634 2194 quare
649 2125 779 2194 equidem
794 2125 865 2179 alios
881 2143 914 2179 ex
924 2125 1042 2179 Graecia
1052 2128 1081 2179 et
1090 2125 1257 2179 Macedonia
1267 2127 1328 2178 tum
1338 2125 1486 2178 advenisse
1495 2124 1610 2178 milites

289 2200 401 2268 praeter
419 2214 466 2252 eos
485 2197 535 2266 qui
554 2213 588 2251 ex
606 2197 757 2250 maritimis
771 2197 890 2250 fortasse
904 2196 1067 2266 regionibus
1081 2196 1330 2250 conscribebantur
1343 2213 1394 2265 pro
1409 2199 1485 2250 certo
1499 2195 1609 2250 habeo.

379 2271 441 2337 284)
460 2267 598 2322 insulares
624 2267 705 2323 Iones
732 2268 940 2338 Hellespontios
966 2268 1191 2335 Arr.Ind.18,2
1220 2270 1433 2333 commemorat,
1462 2284 1529 2321 cum
1560 2283 1609 2320 ecs

290 2342 402 2411 ignoret
425 2341 522 2409 exped.
541 2339 619 2394 Alex.
635 2339 682 2407 VI,
698 2347 722 2407 1,
737 2345 760 2393 6.
798 2341 952 2409 posteriorc
975 2340 1037 2394 loco
1061 2339 1143 2393 addit
1161 2339 1259 2406 Cares,
1286 2356 1356 2408 qnos
1379 2339 1472 2409 priore
1498 2339 1608 2392 omisit.

296 2412 427 2466 coniunxi
447 2412 560 2464 nuntios
579 2410 716 2476 divers0s3
735 2411 854 2465 fortasse
872 2413 956 2465 recte.

381 2485 443 2552 285)
461 2483 562 2537 miram
587 2481 746 2537 mehercule
765 2481 890 2535 fabulam
909 2483 964 2536 sibi
983 2482 1064 2534 finxit
1083 2481 1208 2550 Droysen
1226 2482 1251 2535 11
1270 2501 1296 2550 p.
1314 2487 1364 2536 110
1384 2482 1419 2535 de
1437 2481 1607 2536 trierarchis

292 2555 361 2608 illis:
398 2553 480 2622 ‘itaci
508 2553 664 2624 primitates
688 2553 760 2611 ciue
788 2558 913 2610 emunata
935 2553 1079 2622 allegante
1107 2559 1158 2609 cus
1182 2553 1225 2609 ter
1243 2553 1311 2624 Bait
1334 2553 1377 2610 tc
1396 2553 1525 2624 tiridaten
1554 2553 1609 2609 aab

291 2625 477 2696 Marnebmilca
504 2625 532 2680 iu
560 2624 641 2694 letter
664 2625 816 2696 umectans
840 2624 1050 2696 breluubbretbiq
1074 2624 1251 2694 iunctum,
1280 2625 1361 2681 tenen
1385 2623 1610 2696 litteraturae

293 2699 336 2753 ter
361 2695 556 2766 discidisse
585 2696 654 2752 siner
682 2695 820 2766 battltdyen
848 2699 901 2752 unt
927 2696 1054 2767 ttdylr'qeu
1078 2695 1335 2768 &alternaturam
1374 2711 1419 2752 um
1443 2696 1609 2768 decerpant

294 2768 366 2824 sines
413 2784 427 2823 r
446 2767 487 2823 tte
501 2767 583 2836 &aas
601 2767 672 2836 tellit
690 2768 743 2838 istit
762 2767 926 2837 installetur
941 2766 1088 2836 {tabelias
1103 2768 1204 2824 muste’
1223 2811 1227 2819 .
1245 2811 1249 2820 .
1267 2813 1272 2822 .
1294 2768 1342 2824 ‘ab
1360 2713 1426 2838 litis
1440 2767 1609 2837 tumarchen

181 2839 185 2847 ’
293 2839 334 2895 bie
353 2854 433 2910 paupe
451 2839 539 2906 &Intra
558 2840 617 2894 atet
636 2854 687 2894 unt
706 2839 746 2896 tte
765 2839 874 2909 arbitra
893 2839 956 2908 &dit
977 2855 998 2908 e,
1017 2837 1057 2895 tie
1076 2838 1170 2910 oritate
1190 2837 1414 2910 breiitqmbertr,
1435 2839 1608 2908 sterilitates,

293 2911 324 2979 ia
342 2909 409 2979 uidit
427 2911 498 2980 meis
516 2925 549 2980 aa
568 2911 713 2966 menneu'.
752 2912 850 2965 eadem
868 2911 927 2964 fere
968 2910 1097 2981 artaberg
1114 2910 1271 2964 hariolatus
1290 2913 1334 2965 est
1351 2910 1418 2981 Hp.
1435 2916 1494 2964 296.
1528 2909 1609 2964 nullo

294 2997 413 3050 usquam
435 2981 497 3035 loco
522 2982 556 3034 de
579 2981 685 3034 talibus
708 2983 881 3036 trierarchiis
900 2981 1053 3035 Alexandri
1078 2981 1113 3034 ab
1138 2982 1300 3035 auctoribus
1320 2982 1445 3051 antiquis
1465 2983 1608 3036 docemur.

295 3054 380 3106 immo
403 3053 522 3106 navibus
544 3052 677 3122 perfectis
695 3053 855 3108 Alexander
876 3052 1038 3107 hierarchos
1057 3052 1142 3107 duces
1160 3053 1310 3122 praefecit,
1334 3056 1367 3107 ut
1385 3054 1429 3108 sin
1483 3054 1505 3107 's
1523 3054 1608 3108 trier-

295 3123 387 3178 archis
410 3124 529 3193 triginta
552 3125 611 3178 fere
634 3141 718 3179 naves
742 3125 873 3180 subditae
892 3127 993 3178 essent.
1031 3124 1065 3178 cf.
1086 3123 1324 3192 Arr.Ind.18,1:
1354 3124 1450 3193 ἐπειδη
1471 3124 1498 3179 οἱ
1516 3143 1606 3193 παρε-

295 3194 430 3250 σκεύαστο
452 3195 483 3249 τὸ
507 3195 706 3250 ναυτικόν...
741 3199 778 3266 (3)
796 3195 960 3266 τριήραρχοι
984 3195 1015 3250 di
1039 3197 1114 3269 αὐτῷ
1147 3195 1350 3266 ἐπεστάθησαν.
1389 3214 1471 3266 porro
1500 3197 1606 3250 mirum

296 3270 371 3322 esset
394 3266 452 3320 tale
471 3267 540 3334 quid
563 3267 599 3320 ab
618 3267 736 3321 Arriano
755 3285 812 3322 non
830 3267 957 3337 pluribus
976 3267 1068 3322 verbis
1087 3267 1208 3322 indicari
1227 3271 1277 3322 ant
1296 3285 1329 3322 ex
1350 3267 1439 3322 licari.
1477 3270 1509 3322 at
1528 3266 1610 3334 ‘tiele

296 3338 378 3406 ῗςοτιιι
402 3337 445 3394 ber
464 3336 637 3408 tuentibus,
662 3340 737 3395 term
756 3339 857 3392 Anien
874 3339 934 3392 Ind.
951 3344 984 3391 18
1003 3340 1131 3409 audiat,
1156 3339 1305 3409 hettttqt
1344 3339 1395 3394 lut.
1415 3339 1527 3396 Eume
1555 3338 1609 3396 aab

295 3410 367 3463 Plin.
385 3414 460 3475 19,1
481 3408 589 3478 (Droys.
604 3409 622 3462 l.
637 3409 655 3462 l.
671 3411 735 3464 adn.
752 3413 785 3478 1).
822 3410 989 3464 Plutarchus
1008 3410 1026 3465 l.
1042 3410 1060 3463 l.
1076 3409 1186 3464 scribit:
1219 3409 1351 3482 Νέαρχον
1371 3409 1519 3480 ἐκπέμπων
1541 3407 1611 3480 μετὰ

297 3489 368 3536 νεῶν
387 3480 433 3536 ἐπὶ
451 3480 502 3551 τὴν
521 3480 572 3545 ἔξω
590 3480 739 3536 θάλασσαν
757 3479 817 3551 ἤτει
835 3481 961 3552 χρήματα
980 3483 1046 3543 τοὺς
1065 3477 1175 3550 φίλους·
1196 3483 1229 3536 οὐ
1249 3481 1301 3550 γὰρ
1321 3476 1356 3551 ἦν
1372 3481 1401 3536 ἐν
1415 3486 1454 3554 τῷ
1468 3479 1608 3553 βασιλείῳ.

297 3554 347 3607 sed
365 3553 444 3622 legas
464 3569 559 3621 porro:
578 3562 628 3607 τοῦ
643 3549 671 3607 δ’
689 3537 854 3623 Εὐμὲνους.
872 3595 877 3606 .
894 3597 899 3606 .
916 3553 995 3624 ἔλαβε
1010 3549 1039 3607 δ’
1056 3553 1147 3607 οὐδὲν.
1181 3553 1293 3622 accepit
1306 3553 1395 3622 igitur
1409 3570 1445 3607 ne
1459 3571 1609 3608 nummum

316 3625 421 3690 uidem,
440 3624 490 3678 sed
509 3624 678 3678 trierarchus
697 3628 741 3680 est
754 3624 893 3679 Eumenes
912 3625 988 3694 apud
1002 3624 1153 3678 Arrianum
1171 3624 1230 3678 Ind.
1248 3630 1289 3692 18,
1305 3629 1328 3678 7.
1362 3640 1493 3678 concesso
1511 3627 1609 3680 tamen

296 3645 347 3750 illo
374 3696 436 3750 loco
460 3697 496 3750 ad
520 3712 604 3750 naves
626 3697 775 3766 pecuniam
799 3696 1005 3765 consumpsisse
1027 3695 1209 3762 trierarchos,
1237 3697 1325 3766 quod
1353 3712 1466 3767 regem
1494 3696 1607 3766 ipsum

299 3766 488 3835 defecerat,
516 3767 585 3837 quid
612 3768 678 3821 inde
706 3768 742 3821 ad
769 3770 895 3822 nostram
921 3783 981 3821 rem
1009 3769 1103 3836 potest
1130 3767 1222 3822 effici?
1267 3767 1376 3822 Plinius
1403 3784 1468 3822 vero
1492 3767 1527 3821 N.
1543 3768 1609 3822 hist.

301 3844 342 3905 19,
358 3844 381 3904 1,
397 3844 430 3891 21
459 3838 512 3892 hoc
534 3839 634 3894 tradit:
669 3839 855 3908 ‘temptatum
879 3842 922 3894 est
944 3839 1059 3909 tingui
1082 3839 1192 3893 linum
1216 3855 1339 3909 quoque,
1367 3842 1401 3893 ut
1422 3840 1544 3893 vestium
1568 3840 1610 3893 in-

300 3909 409 3963 saniam
429 3910 581 3978 acciperet,
605 3911 634 3963 in
654 3909 843 3965 Alexandri
861 3911 976 3981 Magni
1000 3911 1122 3980 primum
1141 3909 1278 3964 classibus
1296 3911 1379 3964 Indo
1399 3927 1495 3966 amne
1513 3910 1610 3965 navi·

300 3980 429 4050 gantis,
458 3998 520 4033 cum
549 3982 650 4035 duces
679 3982 751 4036 eius
780 3999 818 4037 ac
845 3982 1017 4053 praefecti
1041 3982 1194 4036 certamine
1219 3982 1342 4051 quodam
1366 3982 1565 4036 variassent
1583 3983 1611 4036 et

300 4051 455 4121 insignia
473 4051 620 4119 navium,
641 4055 864 4125 stupuerimtque
882 4054 967 4108 litora
985 4053 1055 4108 flatu
1069 4053 1272 4108 versicoloria’.
1305 4071 1361 4107 non
1376 4070 1503 4122 premam
1516 4055 1609 4108 verba.

302 4122 386 4176 ‘Indo
406 4139 488 4176 amne
507 4123 683 4193 navigantis’
704 4128 886 4196 (quamquam
905 4126 970 4179 inde
986 4125 1117 4179 concludi
1131 4128 1234 4194 posset,
1253 4142 1309 4178 non
1323 4125 1406 4179 initio
1420 4125 1610 4195 navigationis

302 4195 351 4247 sed
374 4196 440 4262 post
463 4193 641 4261 aliquantum
665 4197 776 4265 tempus
799 4198 889 4251 linum
913 4215 973 4252 esse
991 4197 1137 4266 tinctum);
1165 4213 1232 4250 nam
1252 4196 1329 4252 ‘vela
1348 4196 1514 4250 discoloria’
1536 4214 1609 4250 com-

301 4266 439 4318 memorat
456 4266 554 4318 auctor
573 4281 728 4334 anonymus
742 4267 890 4323 Mettensis
904 4269 937 4336 11,
953 4275 986 4323 10
1005 4268 1088 4323 initio
1103 4268 1301 4339 navigationis.
1335 4269 1384 4322 sed
1399 4268 1511 4322 etiamsi
1526 4269 1609 4322 duces

187 4376 190 4380 .
301 4353 335 4390 ac
360 4335 498 4405 praefecti
522 4335 619 4390 classis
642 4339 703 4391 tum
723 4339 870 4392 certabant
887 4341 1041 4411 insignia
1060 4339 1197 4393 navium
1215 4339 1349 4394 variare
1369 4371 1402 4380 -
1421 4339 1475 4394 hoc
1494 4356 1562 4394 sane
1578 4339 1609 4393 ut

300 4407 412 4462 videtur
435 4407 493 4461 suis
512 4409 684 4477 sumptibus,
711 4408 830 4464 fortasse
849 4413 942 4464 tamen
961 4412 1065 4466 nonin
1085 4411 1352 4465 omnibusnavibus
1372 4411 1469 4466 sedin
1489 4410 1530 4465 eis
1549 4413 1608 4464 tan·

301 4481 362 4533 tum
385 4480 487 4549 quibus
510 4479 657 4534 trierarchi
680 4480 736 4551 ipsi
754 4481 928 4536 vehebantur
950 4485 982 4535 ut
1000 4483 1083 4536 unius
1103 4483 1238 4552 cuiusque
1258 4499 1353 4537 eorum
1371 4483 1450 4537 naris
1468 4481 1609 4552 praeteria

301 4551 399 4620 procul
427 4553 653 4622 cognosceretur,
681 4555 731 4606 aut
754 4554 778 4607 si
801 4553 830 4607 in
854 4552 995 4620 omnibus,
1023 4556 1056 4607 ut
1079 4554 1208 4626 singulae
1231 4571 1315 4610 naves
1339 4554 1429 4609 isdem
1451 4553 1608 4624 insignibus

302 4623 418 4677 ornatae
440 4622 553 4676 facilius
577 4640 640 4676 cum
660 4625 802 4692 praetoria
819 4641 890 4679 nave
909 4625 1118 4680 continerentur
1137 4659 1170 4666 —
1190 4644 1258 4680 num
1276 4624 1343 4679 inde
1362 4625 1491 4695 intellegi
1509 4626 1608 4696 potest,

302 4693 470 4748 trierarchos
490 4695 585 4750 omnia
604 4693 717 4750 navium
737 4699 912 4752 armamenta
931 4696 988 4752 suis
1008 4698 1166 4767 sumptibus
1186 4697 1383 4752 instruxisse?v
