3496 5308
669 344 893 410 ..43-

123 549 189 611 que
213 548 294 610 quae
318 526 352 590 in
374 526 512 590 transitu
536 525 678 608 parando
702 525 842 590 solerent
860 525 930 590 fieri
949 528 1154 592 tumultuare.
1192 530 1309 612 quibus
1327 533 1435 614 plures

121 649 182 710 per
210 629 320 690 noctes
352 625 491 708 peractis
517 623 602 688 Poro
635 624 785 688 noctumi
813 625 972 688 tumultus
1000 629 1122 690 metum
1155 649 1192 691 ac
1220 629 1435 712 suspicionem

121 724 228 788 voluit
252 723 390 786 adimere
414 726 511 805 atque
535 723 642 785 evenit
665 723 752 805 quod
774 721 843 786 fore
868 727 1057 806 speraverat.
1097 723 1200 789 Porus
1219 727 1304 790 enim
1323 729 1435 812 primis

121 844 250 906 semper
281 821 431 886 noctibus
464 820 520 884 ubi
552 821 674 884 clamor
705 821 856 884 existeret
889 842 926 884 eo
959 821 1147 904 elephantos
1174 823 1315 889 adduxit.
1362 847 1435 889 cum

121 926 232 985 tamen
255 920 382 983 irritum
407 941 475 983 esse
499 922 531 982 et
553 941 672 982 vanum
695 917 907 982 Macedonum
930 923 1085 983 terrorem
1112 927 1291 1006 cognosset,
1314 924 1378 987 iam
1401 925 1436 988 in

124 1019 238 1083 castris
258 1017 413 1081 remansit
432 1016 687 1100 speculatoribus
706 1020 833 1080 tantum
853 1017 887 1080 in
905 1017 1052 1100 pluribus
1070 1019 1151 1083 locis
1170 1020 1342 1103 dispositis.
1371 1023 1434 1085 iam

122 1117 246 1180 flumen
269 1116 487 1179 transmittere
510 1112 693 1178 Alexander
716 1117 843 1198 poterat
866 1113 1039 1202 conari.¹³¹)

213 1221 262 1287 Ac
299 1211 396 1286 simul
433 1243 506 1286 curn
538 1219 698 1285 Abhisare
735 1225 767 1285 et
804 1241 876 1285 cum
909 1221 994 1286 Poro
1031 1225 1094 1288 nisi
1131 1246 1275 1310 pugnare
1306 1228 1436 1292 uolebat

119 1323 270 1388 celeriter
301 1321 512 1403 posteriorem
546 1319 707 1383 debellare
735 1319 854 1384 debuit.
900 1342 974 1384 nam
1002 1319 1177 1387 Abhisares
1206 1346 1282 1388 sane
1311 1327 1435 1410 legatos

120 1423 206 1486 dona
242 1420 381 1483 ferentes
409 1417 521 1482 Taxila
553 1417 595 1480 ad
624 1415 844 1482 Alexandrum
881 1419 1025 1502 miserat,
1061 1426 1207 1485 metuens
1244 1427 1329 1487 certe
1365 1427 1435 1487 tum

118 1544 161 1584 ne
194 1520 228 1582 in
260 1519 366 1601 ipsum
403 1517 468 1580 iarn
500 1513 683 1580 Alexander
719 1519 863 1580 moveret
899 1518 1018 1601 solum,
1056 1519 1111 1582 sed
1148 1520 1212 1582 iam
1250 1524 1343 1584 antea
1377 1522 1435 1585 ini-

122 1617 336 1682 micissimum
361 1637 394 1678 se
413 1616 604 1698 praebuerat
622 1612 806 1678 Alexandro
831 1618 863 1678 et
886 1619 998 1699 postea
1017 1615 1147 1681 Taxilae
1166 1639 1266 1703 regno
1286 1623 1379 1684 aucto
1399 1624 1437 1684 ut

121 1716 251 1780 videtur
273 1717 439 1799 gravatus,
471 1713 608 1777 fortasse
637 1713 733 1777 etiam
757 1716 794 1776 ut
816 1713 895 1777 belli
918 1715 1050 1799 gerendi
1074 1715 1179 1779 socius
1203 1720 1286 1781 esset
1309 1739 1327 1781 a
1350 1717 1434 1782 Poro

18 1813 20 1818 ’
119 1816 255 1899 rogatus
282 1811 403 1876 auxilio
437 1834 470 1875 se
498 1814 670 1876 venturum
703 1833 772 1876 esse
799 1813 999 1896 promiserat.
1044 1835 1149 1896 neque
1176 1815 1274 1900 longe
1302 1819 1371 1879 tum
1395 1817 1435 1880 ab

122 1910 298 1975 Alexandri
312 1909 453 1992 Porique
477 1910 589 1974 castris
614 1909 724 1973 abesse
748 1907 978 1997 dicebatur.¹⁸2)
1013 1912 1103 1995 prius
1127 1916 1234 1976 autem
1253 1911 1437 1980 Alexander

123 2011 307 2095 depugnare
332 2009 446 2072 statuit
463 2006 594 2090 Porum,
617 2029 714 2090 quam
739 2029 812 2072 cum
835 2006 1003 2072 Abhisaris
1027 2011 1128 2093 copiis
1152 2033 1185 2074 se
1209 2013 1435 2077 coniunxisset.

120 2109 178 2173 sed
196 2108 361 2172 videamus
381 2128 553 2189 quemnam
572 2105 741 2170 traiciendi
759 2106 902 2171 fluminis
920 2108 1028 2172 locum
1048 2108 1108 2172 sibi
1128 2131 1184 2172 rex
1199 2108 1434 2198 sumpserit.¹³³)

211 2341 272 2407 131)
291 2337 349 2391 iam
368 2353 441 2404 quae
456 2335 568 2390 Curtius
582 2335 655 2402 VIII,
671 2341 749 2401 1330
768 2339 874 2403 narrat,
888 2336 1080 2391 Alexandrum
1098 2339 1131 2390 ut
1144 2337 1247 2391 Porum
1265 2338 1386 2406 falleret,
1405 2339 1435 2392 in

120 2411 230 2466 diversa
257 2411 338 2478 parte
366 2409 445 2478 ripae
473 2407 588 2462 iussisse
610 2407 826 2462 tabernaculum
851 2426 933 2462 suum
961 2409 1049 2462 statui
1077 2411 1276 2478 assuetumque
1305 2411 1435 2464 comitari

118 2483 212 2552 ipsum
231 2481 374 2535 cohortem
393 2483 459 2534 ante
477 2479 508 2532 id
526 2478 740 2533 tabernaculum
755 2481 829 2534 stare
848 2482 877 2533 et
896 2496 1006 2533 omnem
1025 2483 1195 2549 apparatum
1209 2482 1305 2550 regiae
1324 2483 1434 2552 magni-

118 2553 249 2609 ficentiae
273 2551 397 2606 hostium
420 2551 509 2605 oculis
532 2551 567 2604 de
590 2551 730 2605 industria
754 2551 878 2617 ostendi,
897 2551 1026 2605 Attalum
1050 2553 1137 2606 etiam
1164 2553 1311 2619 aequalem
1331 2555 1385 2606 sibi
1405 2557 1434 2608 et

118 2625 196 2680 haud
215 2625 357 2693 disparem
375 2623 476 2676 habitu
495 2622 550 2676 oris
575 2624 603 2677 et
627 2623 750 2692 corporis
769 2623 868 2690 utique
887 2640 951 2676 cum
969 2623 1067 2692 procul
1090 2623 1233 2691 viseretm,
1258 2628 1335 2679 veste
1353 2627 1434 2696 regia

119 2699 250 2751 ornatum
274 2695 397 2765 speciem
424 2693 587 2763 praebuisse
614 2695 708 2764 ipsum
730 2710 826 2764 regem
849 2695 890 2748 ibi
915 2694 994 2763 ripae
1018 2695 1178 2764 praesidere
1197 2712 1248 2749 nec
1268 2697 1378 2766 agitare
1398 2698 1433 2751 de

118 2769 250 2835 transitu,
269 2783 320 2836 per
339 2782 368 2820 se
387 2765 566 2820 incredibilia
584 2783 640 2820 non
660 2767 732 2819 sunt.
770 2765 901 2820 videntur
918 2765 996 2820 facta
1015 2783 1075 2820 esse
1095 2767 1226 2820 extremis
1242 2767 1341 2822 diebus
1356 2771 1433 2821 tran-

120 2841 207 2894 situm
230 2836 461 2892 antecedentibus
485 2839 514 2891 et
535 2853 632 2892 revera
655 2837 756 2891 ultimo
781 2837 827 2891 die
845 2837 959 2891 Attalus
984 2840 1059 2906 (cum
1082 2838 1235 2909 Meleagro)
1264 2839 1294 2892 in
1318 2840 1434 2893 dextera

120 2912 183 2980 ripa
200 2909 324 2963 fluminis
347 2909 463 2963 relictus
487 2912 548 2963 erat
567 2912 601 2978 (v.
617 2910 677 2962 Arr.
693 2908 726 2975 V,
743 2912 821 2979 12,1).
859 2909 999 2963 immerito
1024 2909 1112 2979 igitur
1130 2910 1229 2964 Leuius
1253 2909 1324 2965 haec
1343 2911 1434 2966 Curtii

119 2983 150 3036 in
169 2981 358 3051 suspicionem
376 2983 458 3035 vocat
476 2999 503 3050 p.
519 2987 561 3035 98.

209 3055 271 3124 132)
291 3069 358 3107 sane
375 3055 452 3107 tacet
471 3053 506 3106 de
525 3051 663 3106 Abhisare
686 3052 819 3106 hocloco
838 3052 987 3119 Arrianus,
1012 3052 1061 3105 sed
1085 3053 1139 3106 scit
1157 3052 1190 3118 V,
1206 3057 1267 3119 201¹>
1293 3070 1356 3107 eum
1377 3057 1433 3108 sta·

120 3125 207 3180 tuisse
234 3125 330 3194 copias
359 3127 504 3178 conectere
533 3141 597 3177 cum
619 3123 697 3178 Poro.
736 3123 799 3177 vide
823 3124 910 3176 etiam
932 3123 979 3189 IV,
995 3129 1063 3190 tw.
1101 3125 1241 3178 Diodorus
1264 3125 1354 3192 XVII,
1370 3131 1430 3193 87,3

120 3197 327 3266 quadringenta
345 3199 457 3250 tantum
477 3195 570 3250 stadia
589 3195 765 3262 Abhisarem,
785 3211 869 3262 quem
883 3194 1062 3249 Hmbisarum
1080 3196 1216 3262 nominat,
1236 3195 1342 3251 afuisse
1361 3197 1434 3251 dixit

120 3270 164 3339 (cf.
179 3269 268 3335 XVII,
284 3271 367 3338 90,4)‚
397 3271 427 3322 et
450 3267 561 3321 Curtius
580 3267 656 3334 VIII,
673 3273 731 3331 14,1
757 3266 881 3335 scripsit:
912 3267 1033 3335 ‘(Porus‚
1059 3284 1123 3321 cum
1146 3267 1306 3322 Alexander
1329 3267 1433 3321 flumen

121 3357 266 3410 superasse
290 3341 479 3410 nuntiaretur)
497 3339 588 3408 primo
609 3382 614 3390 .
632 3381 636 3392 .
654 3383 659 3391 .
679 3337 847 3392 Abhisarem
865 3337 934 3392 belli
954 3339 1073 3405 socium,
1093 3339 1191 3392 etita
1210 3343 1432 3406 convenerat,

121 3413 271 3466 adventare
290 3411 445 3466 credebat’.
484 3411 547 3478 (hoc
566 3410 628 3464 loco
646 3427 702 3463 non
726 3426 760 3463 ex
783 3409 881 3463 eodem
900 3409 979 3464 fonte
997 3410 1125 3464 hausisse
1143 3410 1298 3464 Diodorum
1318 3413 1347 3464 et
1366 3409 1432 3464 Cur-

120 3485 192 3536 tium
214 3487 289 3538 recte
312 3483 383 3536 mihi
405 3482 518 3536 ridetur
536 3481 713 3535 contendisse
731 3481 858 3550 Droysen
881 3481 907 3534 H
925 3500 951 3550 p.
969 3487 1019 3534 128
1043 3481 1107 3535 adn.
1125 3484 1159 3552 1.)
1196 3484 1292 3535 utrum
1317 3498 1432 3536 revera

121 3555 217 3609 foedus
245 3555 353 3609 factum
381 3555 418 3608 sit
446 3553 522 3622 quod
549 3555 690 3608 testantur
714 3552 826 3607 Curtius
854 3555 883 3606 et
906 3553 1058 3620 Diodorus,
1086 3556 1173 3623 negat
1196 3553 1295 3607 Leuius
1323 3573 1349 3622 p.
1372 3559 1431 3622 109,

121 3626 208 3680 levius
228 3628 277 3680 est.
316 3628 392 3680 certe
411 3643 444 3680 ex
463 3625 577 3679 Arriani
596 3625 687 3679 verbis
702 3624 735 3691 V,
751 3629 811 3692 top
831 3624 935 3678 collata
955 3625 1105 3678 severitate
1124 3625 1277 3679 Alexandri
1296 3625 1326 3678 in
1344 3625 1432 3679 Abhi-

122 3714 211 3750 sarem
229 3699 278 3765 qui
296 3699 393 3751 tamen
411 3700 476 3767 post
494 3696 642 3751 victoriam
661 3696 698 3750 ad
716 3695 880 3765 Hydaspem
899 3696 1015 3750 fratrem
1034 3712 1063 3750 se
1082 3713 1256 3767 regnumque
1274 3697 1433 3752 tradentem

122 3785 183 3822 cum
201 3769 304 3838 legatis
323 3770 447 3824 misisset
461 3768 505 3838 (V,
520 3771 591 3837 20‚6)
611 3767 704 3822 elucet
721 3785 777 3821 non
797 3768 888 3821 solum
907 3769 1047 3838 cogitasse
1063 3768 1231 3822 Abhisarem
1246 3768 1282 3823 de
1296 3769 1433 3823 societate

124 3858 187 3894 cum
205 3840 284 3906 Poro,
305 3841 353 3894 sed
371 3841 430 3894 iam
448 3841 478 3893 in
497 3841 599 3894 itinere
617 3839 715 3893 fuisse.

210 3914 271 3979 133)
291 3911 326 3965 de
343 3911 405 3966 loco
424 3913 474 3966 ubi
489 3911 648 3966 Alexander
661 3910 826 3980 Hydaspem
840 3910 1027 3965 transmiserit
1046 3910 1120 3964 inter
1133 3910 1303 3965 recentiores
1318 3910 1431 3966 criticos

121 3983 247 4037 diversae
260 3982 388 4038 feruntur
402 3984 548 4052 opiniones
568 3983 602 4038 cf.
618 3982 775 4051 Hertaberg
792 3981 825 4049 II,
837 3986 896 4034 249.
930 3980 1127 4054 Cunningham
1145 3982 1158 4035 Ι
1176 4001 1202 4051 p.
1220 3987 1270 4036 159
1281 3999 1322 4050 sq.
1341 3982 1432 4037 fusius

122 4055 155 4108 de
178 4072 211 4110 eo
236 4053 356 4122 scripsit.
394 4058 480 4122 atque
504 4054 649 4108 contendit
667 4053 859 4107 Alexandrum
882 4053 1005 4122 primum
1029 4053 1065 4106 ad
1084 4053 1247 4122 Hydaspem
1271 4054 1380 4108 venisse
1400 4071 1432 4108 eo

121 4127 180 4180 loco
199 4126 249 4179 ubi
268 4125 353 4179 hodie
367 4125 496 4195 Jalalpur
514 4126 580 4179 urbs
600 4128 686 4192 extat,
705 4125 751 4178 via
769 4142 853 4178 usum
870 4141 942 4192 quae
957 4125 1079 4179 conectit
1093 4124 1433 4179 Shahderi-Tschauntra-

122 4197 245 4252 Dudhial
263 4197 611 4269 Asanot-Yang-Jalalpur
628 4197 726 4263 urbes;
745 4197 803 4250 iam
821 4198 904 4250 nocte
923 4197 989 4250 ante
1008 4213 1133 4267 pugnam
1152 4214 1215 4251 cum
1234 4196 1304 4251 Poro
1323 4196 1432 4250 factum

121 4270 155 4323 ab
173 4270 227 4322 hac
245 4269 315 4323 urbe
334 4268 403 4322 satis
422 4268 520 4338 procul
538 4269 601 4337 ripa
619 4269 777 4337 profectum
795 4267 905 4322 venisse
923 4268 1053 4338 Darapur
1075 4267 1119 4322 vel
1137 4268 1262 4322 Dilawar
1285 4269 1314 4322 in
1333 4269 1432 4322 urbem

122 4341 193 4408 (vide
213 4340 341 4394 chartam
361 4341 421 4394 eius
441 4340 509 4408 VII).
547 4340 588 4393 ibi
607 4339 723 4393 fluvium
741 4341 948 4409 transgressum
966 4339 1113 4393 victoriam
1131 4342 1290 4409 reportasse
1309 4340 1345 4393 de
1361 4340 1432 4393 Poro

123 4413 157 4465 ad
179 4413 266 4481 Mong
294 4412 430 4480 oppidum
458 4410 542 4465 hodie
569 4414 708 4466 vocatum.
752 4414 837 4480 atque
865 4428 961 4464 omnes
989 4414 1136 4465 auctorum
1163 4411 1277 4465 nuntios
1305 4411 1335 4464 in
1358 4411 1433 4465 hunc

123 4483 214 4537 locum
233 4484 380 4552 quadrare.

226 4556 298 4608 duae
308 4557 389 4609 erant
398 4555 460 4608 viae
475 4553 577 4624 quibus
589 4553 632 4607 uti
643 4555 755 4623 poterat
765 4553 924 4607 Alexander
933 4553 1040 4607 Taxilis
1051 4553 1209 4622 (Shahderi)
1221 4554 1257 4607 ad
1267 4554 1432 4623 Hydaspem

123 4626 308 4693 progrediens.
335 4626 425 4680 altera
441 4625 558 4694 attingit
571 4625 654 4678 urbes
665 4624 1431 4694 Shahderi-Rawalpindi-Manykiala-Rbtas-Djhelam.

123 4695 212 4748 Baber
233 4696 282 4751 ille
305 4698 458 4766 imperator
480 4696 608 4750 nominat
632 4713 694 4750 eam
716 4697 792 4750 viam
815 4697 999 4765 superiorem3
1027 4697 1073 4750 via
1092 4714 1178 4764 quam
1201 4696 1250 4751 ille
1269 4696 1431 4752 inferiorem

124 4767 248 4835 appellat
266 4769 389 4823 conectit
410 4769 494 4822 urbes
513 4767 939 4838 Jangi-Tschauntra-Dudbith
964 4768 1030 4822 inde
1049 4769 1122 4822 duae
1140 4769 1203 4822 viae
1223 4768 1431 4839 digrediuntur:
