3506 5306
840 321 1057 386 ..gp-

293 495 440 580 maiores,
464 498 504 561 ad
528 520 607 582 quas
632 496 826 564 Graecorum
850 498 1016 564 duodecim
1046 498 1078 562 di
1101 522 1120 564 a
1143 497 1350 563 multitudine
1373 499 1513 564 militum
1537 498 1602 563 coli

293 599 435 680 possent,
458 596 619 662 aedificari
642 594 801 683 iussit.²⁶⁷)
846 619 921 661 nam
945 600 978 662 et
1000 601 1106 682 grates
1130 597 1179 662 dis
1202 618 1297 683 agore
1320 596 1433 680 voluit,
1456 598 1542 681 quod
1561 597 1603 661 ad

292 811 450 879 congruunt
476 809 535 864 fere
563 827 626 863 cum
646 807 734 863 Curtii
752 809 868 876 nuntiis,
896 809 1001 879 partim
1019 826 1083 863 cum
1101 809 1262 872 Plutarcho,
1281 808 1384 878 partim
1404 826 1467 863 cum
1485 809 1602 875 Iustino,

291 881 341 934 sed
359 883 418 934 tam
437 880 509 934 mira
528 883 600 946 sunt,
619 882 653 934 ut
670 881 802 934 mentitos
822 897 882 934 esse
901 898 996 935 omnes
1011 881 1082 936 talla
1096 881 1259 934 nuntiantes
1279 882 1365 950 atque
1384 880 1454 934 adeo
1473 882 1602 934 auctores

289 951 395 1022 primos
414 951 499 1006 facile
517 955 656 1021 putemus.
685 954 771 1019 atque
785 953 901 1076 putavit
919 952 1063 1018 Arrianus,
1082 952 1131 1020 qui
1149 951 1221 1005 nihil
1241 951 1295 1005 nisi
1310 951 1346 1006 de
1365 951 1420 1005 aris
1440 951 1602 1021 ingentibus

289 1022 408 1078 rettulit.
437 1023 510 1076 nihil
528 1023 617 1093 igitur
636 1023 714 1077 alind
732 1023 784 1077 Pto
797 1040 910 1078 emaeus
935 1026 985 1077 aut
999 1023 1178 1078 Aristobulus
1196 1024 1386 1078 narraverant.
1416 1023 1466 1076 sed
1484 1021 1603 1077 afferam

291 1094 415 1178 singula:
435 1094 574 1149 Diodorus
593 1095 678 1161 XVII,
693 1100 753 1162 95,1
773 1097 885 1165 praeter
903 1095 1051 1149 duodecim
1070 1111 1133 1149 aras
1147 1094 1273 1165 triplicia
1296 1094 1386 1148 solitis
1401 1096 1493 1148 castra
1510 1094 1602 1148 muni-

290 1167 363 1220 visse
382 1165 574 1220 Alexandrum
601 1138 750 1220 nuntiavit.
787 1166 857 1220 haec
885 1166 1005 1220 cinxisse
1033 1183 1097 1221 eum
1116 1166 1192 1220 fossa
1211 1166 1419 1235 quinquaginta
1437 1166 1523 1235 pedes
1541 1165 1603 1220 lata

291 1237 482 1306 quadraginta
501 1237 568 1291 alta.
607 1254 739 1308 aggerem
757 1237 832 1292 intra
850 1238 955 1292 fossam
973 1238 1117 1308 ingentem
1140 1238 1297 1292 reddidisse
1316 1255 1438 1290 murum·
1432 1237 1602 1306 peditibus

289 1311 322 1362 ut
350 1307 470 1378 singulis
498 1309 554 1362 duo
582 1309 688 1363 cubilia
715 1309 839 1378 quinque
859 1309 955 1363 cubita
981 1309 1068 1380 longa
1086 1309 1287 1364 exstruerent
1279 1325 1440 1378 1mperasse,
1459 1309 1602 1377 equitibus

290 1382 323 1434 ut
349 1382 462 1450 praeter
486 1379 555 1434 haec
584 1381 670 1435 etiam
699 1381 754 1434 duo
782 1381 949 1464 praesaepia
968 1381 1058 1435 solitis
1068 1381 1204 1464 duplicia
1225 1381 1417 1449 relinquerent
1405 1381 1601 1435 t.mandasse

291 1451 421 1504 sImiliter
440 1450 497 1504 alia
516 1469 627 1521 quoque
655 1469 727 1520 quae
755 1452 796 1505 ibi
814 1452 1074 1521 relinquerentur
1066 1453 1180 1506 iussisse
1199 1452 1280 1506 reddi
1298 1452 1406 1507 maiora
1425 1468 1510 1520 quam
1528 1468 1602 1520 quae

292 1523 329 1577 ad
347 1522 502 1576 humanum
519 1541 601 1577 usum
620 1522 697 1577 facta
712 1540 772 1577 esse
786 1524 954 1579 viderentur.
984 1541 1049 1578 nam
1064 1525 1140 1594 apud
1154 1526 1280 1593 posteros
1295 1539 1351 1577 non
1364 1523 1491 1577 homines
1505 1523 1601 1577 fuisse

291 1594 458 1648 Macedones
477 1593 566 1648 voluit
593 1595 679 1662 credi,
708 1595 757 1648 sed
785 1595 892 1662 heroes,
921 1613 1067 1665 corporum
1086 1595 1191 1648 viribus
1218 1611 1287 1665 prae
1306 1595 1406 1649 ceteris
1425 1593 1601 1648 excellentes

292 1665 403 1720 curtius
417 1665 464 1732 IX,
479 1672 540 1732 3,19
568 1669 598 1720 et
625 1667 740 1720 deorum
759 1667 811 1720 XII
834 1683 897 1720 aras
920 1667 998 1720 novit
1026 1668 1055 1721 et
1073 1669 1228 1721 castrorum
1245 1667 1421 1720 munimenta
1439 1669 1555 1721 extensa
1574 1668 1604 1720 et

292 1736 398 1791 cubilia
417 1708 568 1807 arripliora3
596 1738 709 1808 ignorat
731 1738 905 1828 praesaepia.
939 1737 1011 1792 Plut
1027 1757 1050 1791 v.
1067 1739 1110 1793 Al
1130 1756 1152 1791 c.
1169 1744 1202 1791 62
1222 1739 1257 1792 de
1277 1738 1333 1791 aris
1352 1736 1487 1792 refert“
1457 1757 1505 1798 οος
1523 1735 1603 1826 μέχρι

290 1818 344 1862 νῦν
363 1808 390 1862 οὶ
409 1807 554 1876 Πραισίων
579 1811 701 1880 βασιλεῖς
719 1807 915 1881 dispensasse
933 1809 1062 1880 σέβονται
1089 1811 1137 1864 και
1165 1809 1287 1863 θύουσιν
1302 1807 1468 1878 Ειληνικὰς
1485 1805 1603 1876 θυσίας,

291 1879 374 1934 valde
394 1879 511 1934 dubium
538 1898 606 1933 num
634 1878 701 1952 μέχρ
703 1888 784 1935 tnta
804 1881 838 1935 de
857 1881 1002 1934 Plutarchi
1031 1883 1124 1935 aetate
1144 1880 1308 1934 sumendum
1328 1881 1373 1934 sit.
1393 1880 1533 1949 excerpsit
1552 1897 1604 1934 sua

292 1953 411 2006 fortasse
431 1968 464 2006 ex
483 1902 683 2021 Megasthenex
686 1951 720 2005 cf.
740 1951 849 2006 Arrian.
869 1953 928 2005 lnd.
945 1958 995 2018 5,,3
1034 1953 1069 2006 de
1088 1952 1188 2006 castris
1206 1952 1317 2022 magnis
1336 1954 1412 2006 tacet
1426 1951 1603 2018 Plutarchus,

292 2023 341 2076 sed
360 2039 447 2090 arma,
467 2039 601 2091 equorum
620 2025 787 2092 praesaepia
805 2023 921 2089 maiora,
941 2024 1021 2078 frena
1044 2024 1174 2092 graviora
1193 2024 1247 2078 scit
1264 2023 1325 2077 illic
1344 2039 1404 2078 esse
1423 2022 1528 2077 relicta.
1568 2023 1603 2076 de

292 2094 359 2148 solis
384 2067 484 2148 castris
503 2095 625 2148 extensis
644 2094 771 2163 quuitur
788 2095 981 2162 IustinusXIL
997 2101 1021 2149 8.
1050 2095 1137 2149 habes
1156 2095 1244 2165 igitur
1263 2095 1364 2148 omisso
1383 2094 1501 2148 Arriano
1521 2097 1604 2162 quat-

290 2169 355 2249 tuor
371 2165 557 2291 tnarrationes
586 2167 723 2233 diversas,
752 2183 870 2235 quarum
898 2183 971 2235 quae
998 2167 1090 2236 priora
1117 2167 1202 2221 fuerit
1230 2167 1276 2220 ιιι
1299 2182 1401 2236 operae
1419 2166 1541 2235 pretium
1560 2169 1604 2220 est

292 2254 370 2292 mves
384 2253 470 2307 igare.

381 2311 444 2379 267)
463 2307 572 2363 Plinius
601 2309 677 2364 solus
704 2308 769 2363 Nat.
789 2309 854 2363 hist.
865 2309 912 2375 VI,
923 2316 954 2363 21
980 2310 1045 2379 Hyp
1046 2308 1109 2364 hasi
1127 2309 1319 2363 Alexandrum
1346 2309 1510 2363 transmisso
1539 2325 1602 2362 aras

291 2379 557 2505 Atlanta-'t
584 2381 720 2520 <3th
735 2381 1040 2522 111111111111111
1050 2380 1510 2521 ..ttttlntttlttpttttt
1527 2380 1604 2504 tt?

292 2523 361 2577 cavi.
399 2521 567 2576 vocabulum
586 2524 724 2577 autem‘t
712 2525 817 2577 t’amen
838 2525 935 2594 prodit
953 2527 1077 2578 extrema
1094 2542 1151 2578 non
1170 2539 1187 2576 a
1206 2523 1345 2593 Diogneto
1366 2526 1394 2578 et
1412 2523 1537 2577 Baetone
1555 2523 1604 2576 iti-

285 2611 391 2648 nerum
409 2593 563 2648 Alexandri
591 2595 766 2649 mensoribus
794 2595 901 2650 tradita
928 2612 996 2649 esse.
1035 2595 1165 2650 adiunxit
1183 2594 1291 2648 Plinius
1311 2595 1355 2648 vel
1373 2597 1471 2649 auctor
1490 2594 1549 2648 eius
1570 2610 1604 2648 ex

295 2665 351 2719 alio
375 2665 463 2733 fonte,
486 2665 606 2720 sortasse
625 2682 659 2720 ex
665 2666 861 2790 Megasthene
886 2667 920 2722 cf
941 2667 1143 2721 Schwanbeck:
1168 2666 1306 2736 Megasth.
1325 2667 1468 2750 Indicap.
1490 2671 1530 2720 17
1570 2683 1604 2719 ex

292 2738 390 2791 eodem
410 2737 451 2790 alt
439 2740 483 2791 ter
500 2737 587 2791 Plinii
606 2737 720 2791 nuntius
735 2738 794 2805 XII
809 2744 855 2793 24·
878 2738 983 2792 arbori
1001 2755 1102 2792 nomen
1121 2738 1212 2808 palae,
1231 2755 1314 2808 pomo
1334 2738 1461 2804 arienac;
1479 2737 1604 2808 plurima

292 2812 335 2862 est
353 2809 387 2862 in
408 2808 587 2878 Sydracis,
608 2781 819 2878 expeditionum
828 2810 983 2864 Alexandri
1001 2810 1142 2864 termino!
1166 2811 1200 2864 dc
1220 2809 1375 2879 Oxydracis
1394 2809 1507 2863 omnino
1527 2809 1603 2891 cogi·

291 2880 348 2934 tari
376 2897 432 2934 non
459 2897 550 2949 posse,
579 2882 655 2949 quod
675 2880 831 2952 Gunningh.
847 2882 897 2950 Ip
899 2888 971 2936 ,217
991 2881 1111 2952 putavit,
1138 2881 1321 2936 manifestum
1349 2884 1398 2936 est.
1437 2882 1502 2934 sunt
1528 2879 1603 2934 enim

292 2951 411 3020 Sydraci
430 2951 512 3020 Sydri
532 2951 613 3022 (Plin.
624 2952 727 3021 V1,oa)
745 2953 823 3006 fluvii
843 2953 963 3008 accolae.
992 2953 1163 3008 habitabant
1181 2953 1254 3007 inter
1272 2952 1430 3021 Hyphasim
1449 2955 1478 3005 et
1495 2950 1603 3033 Hesy-

292 3023 395 3076 drum
433 3039 522 3092 usque
542 3024 579 3078 ad
598 3039 645 3077 eos
664 3023 824 3078 Alexander
852 3025 876 3078 si
894 3025 979 3091 venit,
1008 3025 1151 3094 superavit
1173 3023 1338 3093 Hyphasim.
1377 3023 1497 3092 sumpsIt
1515 3022 1604 3092 igitur

291 3095 346 3148 hoc
369 3093 477 3148 Plinius
505 3094 549 3148 vel
577 3097 675 3149 auctor
702 3095 906 3164 Megasthenes
942 3093 1090 3221 Conpruit
1118 3113 1181 3150 cum
1208 3095 1252 3148 his
1280 3095 1354 3149 Plut
1377 3095 1396 3148 l
1420 3095 1438 3148 ι.
1463 3111 1485 3148 ο
1507 3095 1602 3147 6211ιι

293 3166 425 3234 ἱδρύσατο
454 3163 485 3220 δὲ
504 3168 614 3249 diopolis
641 3170 727 3233 deun,
747 3165 796 3228 obe
823 3166 901 3237 μέχρι
920 3175 973 3222 νῦν
997 3187 1011 3221 ο
1043 3164 1232 3237 Πραισίωνβ
1215 3167 1334 3237 βασιλεῖς
1353 3170 1411 3222 δια
1419 3163 1604 3237 βαίνοντες

292 3236 422 3308 σέβονται
435 3236 489 3292 stt.
520 3237 544 3290 si
563 3255 628 3292 arae
647 3238 677 3291 in
697 3238 836 3291 dextra
813 3255 877 3307 ripa
894 3237 1045 3293 Plutarcho
1065 3238 1206 3307 teste(ch
1225 3238 1338 3292 auctore
1348 3168 1542 3308 Megasthene)
1557 3253 1602 3290 ex-

292 3310 416 3362 structae
425 3307 553 3374 fmssent,
561 3311 635 3363 certe
645 3309 813 3378 scnpsrsset
824 3307 974 3381 διαβαπες
982 3307 1118 3380 σέβονται
1133 3312 1229 3364 tamen
1237 3310 1287 3362 aut
1294 3309 1397 3363 erravrt
1405 3308 1603 3398 Megasthenes

292 3382 343 3434 aut
361 3396 453 3434 errare
471 3379 568 3434 voluit
597 3397 654 3434 non
682 3379 810 3446 afferam,
835 3381 1000 3435 Strabonem
1018 3380 1111 3451 XVp
1114 3387 1187 3434 700
1197 3382 1243 3435 fin
1273 3380 1407 3434 scribere:
1425 3377 1604 3448 Ἀλέξανδρος

291 3450 423 3522 datter&
437 3451 508 3519 πρὸς
522 3450 557 3506 ἕω
572 3449 639 3520 μέρη
654 3461 765 3520 πρῶτον
784 3451 834 3520 μὲν
849 3452 898 3506 διὰ
917 3453 948 3507 τὸ
962 3400 1163 3522 uetveapsat
1182 3454 1317 3535 διαβῆναι
1330 3453 1381 3506 τὸν
1393 3449 1522 3506 &caasa
1547 3468 1603 3504 non

294 3523 386 3577 dicam
406 3526 499 3577 tacere
519 3525 548 3577 et
563 3522 689 3577 Curtium
708 3525 737 3577 et
754 3523 909 3578 Diodorum
928 3525 963 3579 de
981 3524 1110 3594 Hyphasi
1128 3523 1301 3590 transmisso,
1321 3539 1492 3592 quamquam
1511 3522 1604 3576 sciunt

294 3611 358 3648 eum
377 3593 464 3648 fuisse
483 3596 568 3664 propt
569 3611 599 3648 cr
618 3610 686 3649 saxa
714 3595 911 3666 δυσδιάβατοιι
950 3596 1000 3649 sed
1018 3596 1153 3650 Arrianus
1172 3595 1216 3650 vel
1240 3597 1338 3648 auctor
1356 3595 1415 3648 eius
1434 3593 1603 3664 praecipuus

292 3665 385 3719 inhia
404 3666 487 3720 rebus
506 3666 677 3720 militaribus
691 3665 878 3734 Ptolemaeus,
897 3667 946 3735 qui
966 3667 1175 3722 accuratissime
1193 3666 1305 3720 rettulit
1323 3666 1359 3719 de
1378 3665 1497 3735 singulis
1511 3665 1603 3719 fluviis

293 3737 427 3805 traiectis,
456 3740 531 3792 certe
559 3755 615 3792 non
633 3738 769 3792 tacuisset
795 3739 819 3792 si
837 3738 996 3808 Hyphasim
1014 3738 1174 3792 Alexander
1196 3737 1399 3792 transmisisset
1417 3737 1471 3791 etsi
1489 3737 1603 3791 fecisset

292 3810 403 3862 tanturn
430 3812 463 3864 ut
490 3826 553 3864 aras
581 3811 736 3864 exstrueret
759 3809 805 3878 (cf.
820 3809 854 3876 V,
869 3812 948 3878 28,4).
986 3810 1145 3879 nuperrime
1164 3809 1272 3863 Kaerst.
1291 3809 1309 3862 ι.
1325 3809 1343 3863 ι.
1363 3828 1390 3878 p.
1405 3813 1457 3862 366
1481 3825 1545 3862 aras
1573 3810 1603 3862 in

292 3880 408 3934 sinistra
430 3880 493 3950 ripa
517 3880 668 3936 collocatas
691 3884 775 3950 putat
792 3883 825 3935 ut
844 3880 1040 3950 Ounuingham
1063 3897 1175 3950 quoque
1194 3881 1207 3933 I
1229 3899 1255 3950 p.
1273 3886 1375 3948 217sq.
1396 3879 1506 3934 cautius
1529 3879 1602 3934 iudi·

293 3953 340 4006 cat
362 3951 545 4022 Lefmannp
548 3958 626 4006 750
654 3953 732 4006 adn..
761 3953 812 4010 aie
839 3953 1013 4022 qusnnnaten
1041 3953 1115 4008 Arae
1143 3952 1296 4007 Alexandri
1324 3958 1375 4008 nat
1402 3951 1532 4022 ienleitiqe
1556 3950 1602 4008 tt:

292 4022 419 4094 pteaatet
442 3971 560 4094 seriani
586 4025 679 4081 boten
702 4025 762 4080 oter
786 4040 833 4095 got
860 4023 986 4093 teitimmt
1013 4027 1115 4094 petenen
1143 4025 1343 4095 atrebaten..
1365 4022 1503 4092 111111)
1527 4023 1604 4079 ollem

291 4095 352 4164 nne
381 4099 488 4166 gemaqt.
526 4097 649 4149 ceterum
674 4112 710 4150 ne
737 4095 894 4164 quidquam
916 4095 1093 4162 omIttamus,
1117 4094 1188 4149 allos
1212 4111 1322 4164 quoque
1345 4093 1459 4149 nuntios
1482 4093 1603 4148 deloco

293 4183 348 4235 quo
367 4165 528 4220 Alexander
550 4169 611 4220 tum
634 4166 793 4236 pervenerit
816 4168 940 4220 servatos
959 4139 1116 4222 afferamiis
1155 4165 1255 4221 Strabo
1273 4165 1362 4235 XVp
1365 4171 1446 4233 702
1449 4170 1483 4219 35
1506 4165 1605 4219 narrat

292 4237 435 4293 Crateri'
428 4256 458 4291 m
485 4237 578 4291 lucem
606 4237 712 4292 editam
740 4254 799 4292 esse
827 4237 977 4308 epistolam
1006 4238 1042 4292 ad
1065 4238 1273 4308 Aristopatram
1300 4240 1418 4291 matrem
1446 4236 1504 4290 alia
1530 4236 1603 4290 mira

292 4309 341 4394 ubi
360 4309 485 4363 inessent
507 4325 599 4378 neque
623 4309 658 4363 ab
682 4308 741 4363 ullo
761 4309 896 4379 scriptore
914 4310 1005 4364 relata
1028 4311 1057 4364 et
1076 4310 1112 4362 ad
1131 4308 1258 4379 Gangem
1276 4308 1384 4362 venisse
1403 4307 1602 4361 Alexandrum.

292 4382 386 4450 ipsum
405 4379 551 4435 Craterum
574 4398 603 4434 se
621 4380 738 4435 fluvium
756 4380 837 4434 illum
854 4381 966 4436 vidisse.
1005 4382 1088 4451 (quae
1107 4381 1209 4435 deinde
1228 4382 1382 4448 sequuntur
1401 4379 1449 4433 και
1468 4377 1537 4448 κήτη
1557 4377 1602 4433 art

291 4470 348 4507 non
375 4452 433 4506 iam
461 4454 527 4506 sunt
551 4451 671 4519 Crateri,
693 4453 727 4506 ut
753 4454 815 4506 tota
843 4453 998 4536 explicatio
1018 4453 1085 4507 inde
1108 4449 1189 4505 ab
1173 4471 1215 4506 οιι
1243 4449 1293 4520 μιν
1321 4450 1374 4522 γὰρ
1398 4449 1524 4520 μέγιστος
1547 4448 1600 4504 art

292 4525 418 4594 indicat)
455 4524 514 4578 iam
537 4541 622 4594 supra
645 4496 704 4579 dixi
723 4523 915 4578 Alexandrum
937 4524 1045 4579 venisse
1069 4524 1106 4578 ad
1129 4540 1192 4578 eam
1216 4526 1326 4593 partem
1349 4521 1492 4592 Hyphasis
1515 4521 1601 4588 fluvii,

291 4595 341 4648 ubi
369 4595 418 4649 ille
445 4595 562 4650 confluit
589 4613 623 4650 ex
645 4596 749 4667 Begas-
756 4595 873 4666 Ganga
901 4598 929 4650 et
951 4595 1024 4649 Ban-
1031 4595 1149 4664 Ganga
1171 4595 1299 4649 fluviolis
1337 4593 1477 4664 posterius
1500 4609 1601 4647 nomen

293 4667 369 4734 quod
388 4667 514 4722 ‘flumen’
535 4668 684 4737 significat,
711 4666 840 4722 Craterus
868 4667 987 4721 fortasse
1013 4666 1049 4720 ab
1068 4666 1169 4721 incolis
1187 4666 1302 4720 illarum
1320 4665 1474 4748 regionum
1485 4665 1601 4718 audiens

292 4738 475 4808 praecipuum
502 4756 605 4795 nomen
632 4739 763 4809 sumpsIt,
789 4739 844 4794 nisi
868 4738 1008 4794 maviso
979 4741 1069 4793 totam
1087 4738 1167 4794 illam
1186 4738 1349 4808 epistulam
1369 4736 1435 4793 Orat
1422 4736 1487 4792 teri'
1507 4737 1601 4791 fictam
