3496 5308
721 304 919 366 ..7-

170 469 202 528 11
233 465 311 530 11111
339 468 487 549 praetera
514 465 611 530 urbes
639 464 717 528 duas
744 461 934 552 111-111114)
966 487 1032 530 111
1059 465 1198 529 multum
1225 463 1473 533 111111111111-

169 567 273 628 verat:
310 567 472 648 satrapam
508 563 634 649 regioni
671 561 882 627 constituerat
913 561 1068 627 Procxem
1099 562 1241 648 Persam,
1277 564 1474 632 Niloxenum

169 660 274 745 Satyri
314 661 416 726 filium
454 683 493 725 ex
529 660 668 726 hetaeris
704 659 906 746 episcopum3
947 661 1137 726 adiimxerat
1172 661 1292 727 milites
1327 687 1392 728 non
1427 664 1475 730 ita

168 755 337 845 pauonem.)
383 759 447 823 iam
475 763 545 823 tum
569 758 679 823 eadem
702 757 810 842 potuit
831 757 884 823 via
906 757 941 823 in
963 757 1060 824 Indos
1083 759 1247 845 progredi,
1276 783 1339 844 qua
1361 767 1474 847 postea

168 879 244 921 usus
277 855 333 921 est.
389 856 443 921 sed
470 857 605 922 Bessum
637 856 796 921 debellare
822 856 861 921 'in
889 857 996 922 animo
1024 856 1153 943 habuit,
1185 856 1373 943 priusquam
1400 860 1473 925 illos

169 955 410 1042 aggrederetur:
435 955 473 1019 dc
491 953 599 1019 Indiae
623 958 731 1020 tamen
753 954 908 1041 gentibus
930 954 1137 1042 regibusque,
1161 955 1199 1019 de
1221 953 1282 1020 viis
1303 957 1473 1042 fluviisque

166 1149 270 1217 Koam,
297 1147 382 1203 hodie
406 1148 523 1201 Khunar
549 1150 679 1204 vocatum
704 1147 780 1202 infra
805 1151 1030 1220 cognoscemus)
1052 1147 1164 1203 videtur
1185 1147 1265 1203 finita
1292 1149 1384 1204 fuisse.
1434 1151 1471 1204 ad

167 1220 291 1274 eiusdem
311 1219 400 1274 amnis
419 1218 558 1290 Alishang
575 1219 667 1289 ripam
685 1236 740 1274 non
763 1219 883 1274 multum
909 1237 926 1274 a
950 1219 1119 1274 nostratium
1144 1219 1257 1274 Miriam
1281 1221 1350 1275 urbe
1377 1221 1471 1276 absita

165 1290 363 1345 vetustissimis
389 1289 562 1360 temporibus
580 1290 687 1360 Kapisa
712 1291 778 1344 urbs
798 1290 914 1346 exstitit.
959 1301 976 1344 a
1003 1291 1074 1361 Cyro
1101 1291 1248 1345 Persarum
1274 1309 1341 1362 rege
1368 1293 1471 1363 deleta,

167 1363 278 1418 saeculo
297 1381 324 1432 p.
345 1362 392 1417 Ch.
412 1380 439 1416 n.
459 1361 578 1431 septimo
598 1361 783 1416 exaedificata
800 1361 881 1433 regni
905 1365 991 1432 caput
1013 1363 1069 1417 fuit
1091 1361 1165 1433 (vide
1183 1363 1295 1418 Lassen.
1315 1363 1355 1417 III
1372 1382 1399 1433 p.
1421 1371 1471 1418 131

166 1437 195 1488 11
213 1435 308 1488 adnot.
325 1437 362 1503 3.)
393 1433 512 1487 fortasse
530 1433 581 1487 illa
599 1433 630 1487 in
647 1433 761 1504 regione
781 1433 867 1488 etiam
881 1433 1053 1488 Alexandria
1071 1437 1211 1488 exstructa
1231 1437 1304 1488 erat:
1323 1452 1390 1489 nam
1403 1435 1471 1490 illuc

165 1509 226 1560 tum
249 1521 284 1559 ex
301 1503 455 1559 Arachosia
473 1505 587 1559 Bactria
605 1505 687 1558 India
709 1505 767 1559 vias
792 1505 904 1560 duxisse
927 1505 1077 1560 verisimile
1103 1507 1157 1561 cst:
1182 1508 1214 1559 ut
1239 1505 1323 1559 facile
1349 1505 1415 1561 inde
1440 1507 1470 1560 in

165 1576 307 1631 Bactriam
332 1576 463 1630 Anderab
493 1577 529 1630 ab
554 1577 665 1644 urbem,
695 1576 778 1630 facile
804 1577 840 1630 ad
868 1576 1027 1646 Cophenam
1052 1595 1146 1632 versus
1172 1576 1307 1630 Nicaeam
1332 1577 1472 1646 proficisci

165 1648 324 1703 Alexander
346 1649 449 1717 posset.
488 1651 517 1701 et
537 1664 567 1702 re
585 1664 652 1701 vera
670 1647 700 1701 in
719 1647 833 1702 sinistra
851 1647 914 1718 ripa
932 1648 1026 1702 Kabul
1048 1647 1125 1702 fluvii
1143 1647 1294 1702 veterrima
1313 1649 1359 1702 via
1378 1652 1472 1704 exstat

167 1719 301 1774 exercitui
324 1723 405 1788 apta,
434 1736 451 1772 a
477 1719 573 1773 Konar
598 1722 627 1773 et
651 1719 745 1772 Kabul
771 1719 974 1774 confluentibus
1000 1720 1038 1774 ad
1062 1719 1211 1789 planitiem
1236 1719 1388 1790 Beghram,
1421 1721 1471 1774 ubi

166 1791 362 1861 Ortospanpag
380 1790 466 1844 situm
484 1789 570 1844 fuisse
587 1792 666 1859 puto,
684 1807 771 1861 perp
811 1807 841 1845 os
855 1791 994 1861 Alishang
1013 1794 1041 1845 11
1059 1791 1205 1861 Laghman
1224 1791 1327 1845 ducens
1347 1791 1383 1845 ad
1403 1809 1468 1846 oon-

167 1863 284 1916 fluentes
303 1861 421 1931 Pandjir
439 1864 468 1914 et
486 1861 639 1915 Ghorband
657 1861 754 1916 fluvios
773 1809 809 1918 dd.
828 1862 921 1916 Ritter
939 1862 972 1930 V,
993 1868 1052 1918 229.
1072 1869 1132 1916 295.

257 1935 301 2004 14)
329 1933 433 1988 alteras
460 1933 543 1986 urbes
571 1931 654 2000 unius
683 1933 739 1986 diei
766 1933 822 1988 iter
849 1930 911 2004 (noc
939 1936 1013 1988 certe
1040 1933 1125 1987 nimis
1153 1935 1273 2003 anguste
1291 1933 1408 2003 dictum)
1434 1933 1469 1986 ab

149 2004 335 2060 Alexandria
359 2003 457 2074 procul
481 2003 549 2058 sitas
572 2021 667 2074 regem
689 2007 750 2058 tum
775 2004 955 2058 ‘condidisse’
980 2005 1055 2060 solus
1079 2005 1240 2076 (legendum
1259 2003 1333 2058 enim
1351 2007 1394 2058 est
1412 2004 1430 2058 l.
1450 2004 1468 2058 l.

163 2075 279 2130 Diodori
299 2076 346 2129 καὶ
366 2075 450 2138 ἄλλοις
467 2075 613 2138 πόλεις...
629 2075 745 2145 ἑχούσοις
762 2079 878 2147 propter
901 2093 1018 2145 sequens
1045 2076 1084 2139 εἰς
1106 2076 1218 2146 τούτοις)
1242 2078 1271 2129 et
1295 2074 1341 2130 cui
1363 2074 1393 2127 in
1415 2074 1470 2129 hac

162 2164 192 2200 re
211 2147 279 2202 fides
298 2146 397 2201 haberi
415 2149 510 2216 potest
529 2149 627 2201 auctor
650 2149 694 2201 est
711 2147 850 2202 Diodorus
873 2147 958 2217 XVII,
978 2153 1047 2216 831.
1084 2147 1193 2200 Plinius
1217 2147 1291 2200 enim
1316 2147 1349 2200 N.
1368 2146 1402 2200 H.
1423 2145 1469 2214 VI,

164 2219 253 2290 25(92)
272 2221 385 2288 praeter
403 2218 604 2272 Alexandriam
623 2235 640 2272 a
659 2219 841 2274 conditore
861 2219 1004 2288 dictam,
1023 2219 1060 2273 ad
1080 2219 1234 2274 Caucasum
1253 2216 1371 2272 Cadrusi
1389 2218 1469 2287 oppi-

163 2291 230 2344 dum
258 2290 301 2344 ab
330 2289 526 2344 Alexandro
556 2290 730 2344 conditum
762 2294 791 2345 et
817 2291 847 2344 in
874 2291 1147 2361 Paropanisadarum
1174 2289 1289 2359 regione
1317 2288 1469 2343 Cartana

162 2361 327 2431 oppidum
345 2361 405 2415 sub
426 2360 592 2430 Caucaso,
618 2362 707 2431 quod
730 2365 852 2432 postea
871 2362 1078 2434 Tetragonis
1102 2361 1231 2414 dictum
1254 2363 1467 2414 commemorat:

162 2433 238 2502 quod
257 2450 320 2486 cum
337 2432 387 2486 illo
406 2449 507 2503 gracco
525 2432 638 2487 nomine
656 2433 714 2487 iam
727 2433 880 2488 Alexandri
900 2435 1074 2503 temporibus
1093 2431 1233 2488 exstitisse
1252 2435 1281 2485 et
1299 2447 1333 2486 11
1351 2430 1414 2500 ipsa
1433 2431 1468 2486 de

163 2521 263 2559 caussa
281 2521 298 2558 a
316 2503 409 2558 Plinio
432 2504 607 2557 nominatum
631 2521 691 2558 esse
715 2505 784 2559 satis
809 2508 916 2559 certum
940 2505 1011 2558 mihi
1035 2504 1147 2559 videtur
1172 2521 1236 2558 cum
1260 2503 1290 2556 in
1316 2501 1392 2556 omni
1417 2502 1469 2556 1111

164 2575 374 2631 enumeratione
388 2593 439 2629 sua
453 2575 561 2629 Plinius
575 2575 740 2645 scriptorem
754 2576 877 2646 aliquem
890 2593 983 2630 rerum
997 2575 1150 2631 Alexandri
1164 2577 1297 2643 sequatur
1317 2576 1466 2628 auctorem.

161 2648 226 2702 Non
244 2647 374 2701 omittam
392 2647 467 2716 quod
489 2647 594 2701 Lassen
616 2648 655 2716 ll,
673 2666 700 2717 p.
721 2653 771 2701 130
796 2647 912 2702 Cadrusi
936 2649 973 2702 ad
992 2647 1146 2704 Caucasum
1165 2649 1215 2699 aut
1232 2645 1324 2715 ipsam
1338 2645 1467 2699 Alexan·

164 2719 255 2772 driam
274 2721 324 2772 aut
347 2717 465 2772 alteram
490 2717 607 2772 Diodori
629 2719 772 2788 putaverit
794 2719 881 2773 fuisse
903 2719 1013 2788 urbem3
1037 2719 1109 2790 legit
1132 2718 1207 2772 enim
1229 2717 1278 2771 ille
1302 2717 1377 2786 apud
1400 2717 1466 2770 Dio-

163 2791 262 2845 dorum
280 2790 298 2843 l.
318 2789 336 2844 l.
357 2807 420 2842 cum
437 2788 581 2843 Dindorfio
600 2790 686 2859 dttqv
709 2790 986 2860 πόλιν,..ἕχουσαυ.
1025 2790 1155 2860 equidem
1179 2788 1365 2842 Cadrusorum
1387 2787 1467 2842 illam
1570 2803 1573 2812 ¹

161 2863 260 2916 urbem
279 2861 418 2916 diversam
436 2860 523 2914 fuisse
543 2861 578 2915 ab
597 2862 769 2916 Alexandria
787 2861 849 2932 ipsa
869 2879 902 2916 ex
920 2861 1006 2916 Plinii
1024 2862 1115 2916 verbis
1135 2861 1203 2914 satis
1227 2875 1362 2930 apparere
1387 2862 1465 2928 puto.

161 2933 296 2986 Arrianus
321 2931 368 3001 IV,
392 2937 451 3001 22,6
475 2932 561 2987 refert
579 2933 615 2987 ab
634 2935 704 2988 urbe
722 2933 893 2989 Alexandria
912 2934 949 2988 ad
967 2934 1050 2987 Indos
1068 2949 1246 3003 progressum
1264 2931 1399 2985 Nicaeam
1422 2947 1466 2984 ve-

160 3004 235 3058 nisse
253 3003 496 3058 Alexandrum...
516 3021 601 3071 quam
620 3005 644 3058 si
662 3022 718 3058 non
738 3005 889 3074 conditam,
917 3007 992 3071 certa
1011 3005 1211 3075 amplificatam
1236 3005 1265 3056 et
1287 3001 1425 3056 munitam
1450 3019 1466 3054 a

160 3075 362 3130 Macedonibus
381 3077 456 3129 recte
475 3074 499 3128 si
518 3093 596 3128 sumo
616 3075 689 3146 (vide
708 3093 781 3146 quae
799 3077 873 3130 infra
892 3076 1069 3147 scripserim),
1087 3075 1177 3146 possit
1196 3091 1256 3128 esse
1275 3089 1309 3128 ex
1323 3072 1380 3126 11111
1395 3089 1464 3141 quas

160 3147 299 3202 Diodorus
319 3149 558 3202 commemoratur.
600 3147 682 3202 valde
700 3147 788 3218 igitur
806 3148 923 3203 dubium
941 3152 996 3218 est,
1020 3167 1088 3203 num
1108 3146 1221 3201 urbium
1243 3145 1356 3198 illarum
1380 3143 1464 3198 situm

159 3220 231 3274 bene
257 3217 465 3288 Cunningham,
491 3217 509 3272 l.
534 3218 551 3272 l.
571 3219 584 3272 I
606 3237 633 3288 p.
654 3224 688 3272 56
712 3219 889 3288 explicuerit;
919 3220 953 3276 of.
981 3221 1099 3276 Wilson.
1127 3219 1222 3273 Arian.
1251 3218 1316 3270 Ant.
1344 3234 1372 3285 p.
1397 3219 1465 3282 1813

159 3307 249 3360 neque
272 3291 373 3358 minus,
400 3307 468 3342 num
490 3288 629 3344 (111-(1111
651 3291 726 3360 urbs,
755 3291 816 3346 loco
844 3292 902 3346 fere
926 3293 981 3346 sita
1003 3293 1053 3346 ubi
1075 3294 1203 3361 Bamyan
1221 3289 1289 3342 urbs
1308 3288 1408 3355 exstat,
1428 3286 1465 3340 ab

159 3362 318 3416 Alexandro
338 3361 453 3414 condita
472 3361 515 3415 vel
533 3361 643 3415 munita
661 3362 756 3432 potius
774 3362 867 3432 fuerit,
887 3364 963 3431 quod
982 3363 1122 3417 affirmant
1139 3361 1224 3416 hodie
1241 3358 1375 3429 Afghani,
1402 3357 1465 3411 vide

161 3432 306 3488 Schuffert.
326 3433 344 3488 l.
364 3433 382 3488 l.
401 3431 531 3486 videntur
550 3449 618 3486 sane
637 3433 708 3488 talia
727 3435 876 3488 simulacra
896 3437 924 3488 et
942 3437 1037 3503 antra,
1056 3433 1152 3504 qualia
1170 3433 1200 3487 in
1219 3429 1358 3501 angustiis
1376 3443 1465 3498 prope

160 3503 284 3573 Bamyan
309 3503 498 3574 reperiuntur,
521 3503 649 3558 fabulam
671 3505 752 3559 illam
775 3506 810 3561 de
828 3507 994 3560 Prometheo
1017 3505 1047 3559 in
1066 3505 1217 3560 Caucaso
1235 3503 1350 3557 invento
1369 3501 1465 3580 fictam

159 3574 330 3646 vagantibus
340 3575 494 3630 Alexandri
507 3575 645 3630 militibus
664 3576 816 3632 adiuvisse:
836 3578 885 3632 sed
904 3577 992 3632 etiam
1010 3577 1073 3632 aliis
1092 3576 1122 3630 in
1139 3575 1209 3630 locis
1228 3573 1367 3628 exstitere.
1397 3571 1463 3624 Dro-

161 3647 244 3700 dorus
262 3664 360 3716 rupem
377 3641 537 3700 Promethei
555 3647 586 3700 in
603 3647 714 3714 medio
734 3649 858 3704 Caucaso
883 3648 974 3703 visam
986 3665 1057 3702 csse
1079 3650 1176 3702 narrat
1198 3645 1298 3716 (aaut,
1318 3645 1370 3713 83).
1415 3659 1465 3711 po-

159 3719 234 3771 terat
253 3735 320 3772 sane
338 3717 498 3772 Alexander
516 3717 604 3772 ctiam
622 3719 651 3771 in
671 3718 721 3774 illo
739 3719 810 3789 looo,
830 3719 935 3790 optime
959 3719 1013 3774 sito
1037 3719 1061 3773 si
1085 3719 1147 3788 quis
1171 3717 1325 3770 intraturus
1350 3715 1411 3767 erat
1433 3712 1463 3766 in

159 3787 269 3842 Indiam
288 3791 317 3842 et
335 3805 511 3860 regressurus
529 3789 560 3842 in
579 3789 766 3860 occidentem,
786 3791 883 3845 urbem
902 3790 1028 3860 aliquam
1050 3789 1171 3856 munire,
1183 3831 1188 3842 .
1201 3831 1224 3842 ..
1244 3787 1293 3840 sed
1311 3802 1368 3838 non
1386 3783 1463 3850 fecit,

161 3877 223 3913 cum
242 3860 355 3915 omnino
369 3878 425 3914 non
443 3860 665 3930 proficisceretur
683 3861 735 3915 illa
753 3861 799 3915 via
817 3865 851 3933 (v.
871 3862 958 3916 etiam
978 3861 1124 3916 Schuffert.
1143 3879 1169 3930 p.
1190 3861 1225 3928 9.)

249 3934 292 4002 16)
311 3949 458 3986 numerum
475 3948 532 3985 non
545 3931 682 3987 indicavit
698 3932 841 3986 Arrianus.
874 3933 994 3988 fortasse
1008 3933 1081 3987 inter
1095 3949 1142 3987 eos
1157 3932 1245 3998 erant,
1259 3945 1329 3997 quos
1345 3940 1465 3980 comme-

159 4005 270 4056 morant
287 4002 426 4057 Diodorus
447 4003 613 4073 Curtiusque
631 4021 766 4058 novarum
784 4005 896 4058 urbium
909 4005 1021 4060 colonos
1036 4021 1096 4060 esse
1110 4001 1230 4058 relictos.
1256 4001 1355 4052 narrat
1370 3998 1466 4076 autem

160 4073 271 4128 Curtius
289 4074 350 4142 VII,
370 4081 430 4142 333
449 4105 483 4115 -
502 4091 537 4130 11
555 4074 626 4129 haec
645 4076 775 4130 omittam
798 4109 833 4117 -
857 4076 1054 4131 condendae
1077 4076 1111 4129 in
1134 4071 1314 4128 radicibus
1338 4070 1465 4123 montis

159 4145 236 4200 urbi
256 4145 354 4200 sedes
373 4146 485 4200 electa
503 4148 564 4201 est.
609 4146 660 4201 Vll
685 4147 841 4202 millibus
868 4147 1039 4201 seniorum
1063 4145 1287 4202 Macedonum
1310 4144 1343 4196 et
1366 4153 1466 4208 prae-

159 4219 255 4272 terea
278 4215 451 4270 militibus
471 4235 611 4286 quorum
638 4236 741 4289 opera
768 4218 820 4272 uti
846 4218 1011 4273 desiisset
1068 4218 1249 4273 ermissum
1282 4213 1317 4266 in
1344 4226 1467 4264 novam

159 4289 275 4344 urbem
294 4287 473 4342 considere
492 4289 601 4360 (Alex).
642 4291 700 4345 iam
722 4290 862 4344 Diodorus
881 4289 967 4357 XVII,
987 4295 1020 4344 83
1041 4239 1063 4344 d
1074 4288 1106 4344 δ’
1121 4288 1297 4354 Ἀλέξανδρος
1314 4283 1363 4336 καὶ
1382 4279 1467 4369 ditas

158 4358 253 4422 πόλεις
272 4357 379 4414 ἔκτισεν
397 4357 502 4430 ἡμέρας
521 4361 588 4416 ὁδὸν
608 4362 766 4430 ἀπεχούσας
784 4369 832 4430 τῆς
847 4359 1063 4430 Ἀλεξανδρείας.
1101 4359 1235 4432 κατῴκισε
1255 4353 1283 4408 δ’
1306 4352 1346 4415 εἰς
1363 4369 1467 4410 ταυτας

159 4441 213 4485 τῶν
233 4431 284 4501 μὲν
304 4428 453 4503 βαρβάρων
473 4427 701 4502 ἑπτακισχιλίους,
720 4443 774 4488 τῶν
794 4431 821 4486 δ’
844 4429 922 4494 ἐκτὸς
940 4433 1044 4498 τάξεως
1062 4425 1349 4506 συνακολουθούυτωυ
1364 4438 1468 4489 τρισχι-

159 4505 234 4564 λίους
262 4502 310 4555 καὶ
334 4511 389 4556 τῶν
415 4501 599 4572 μισθοφόρων
624 4505 689 4566 τοὺς
713 4501 910 4576 βουλομένους,
936 4521 1055 4572 cumque
1081 4506 1166 4558 antea
1183 4515 1240 4554 non
1259 4495 1364 4548 dixerit
1382 4507 1468 4582 quum

159 4572 262 4627 multos
290 4573 479 4628 Alexandriae
505 4574 611 4628 milites
638 4592 688 4629 rex
715 4575 861 4643 reliquerit
889 4575 949 4630 sine
977 4575 1063 4628 dubio
1091 4572 1226 4645 κατῴκισε
1250 4565 1278 4620 d’
1301 4563 1340 4626 εἰς
1363 4581 1468 4644 favius

160 4661 216 4696 non
234 4645 318 4699 modo
338 4645 435 4700 dehis
454 4646 504 4701 sed
523 4649 552 4700 ct
571 4646 605 4699 de
624 4645 797 4700 Alexandria
816 4650 844 4701 ct
863 4647 897 4700 de
917 4646 1016 4701 ceteris
1035 4643 1227 4715 intellegenda
1242 4639 1315 4692 sunt.
1355 4649 1468 4687 111111-

160 4731 291 4783 paramus
310 4715 436 4771 Curtium
455 4721 484 4774 11
502 4717 665 4790 Diodorum,
684 4717 762 4775 illius
782 4721 889 4791 septem
913 4717 1005 4774 millia
1028 4717 1168 4774 seniorum
1190 4709 1380 4770 Macedonum
1404 4720 1468 4758 0⁰11*
