<?xml version="1.0" encoding="UTF-8"?>
<!DOCTYPE html PUBLIC "-//W3C//DTD XHTML 1.0 Transitional//EN"
    "http://www.w3.org/TR/xhtml1/DTD/xhtml1-transitional.dtd">
<html xmlns="http://www.w3.org/1999/xhtml" xml:lang="en" lang="en">
 <head>
  <title>
</title>
<meta http-equiv="Content-Type" content="text/html;charset=utf-8" />
  <meta name='ocr-system' content='tesseract 3.04.00' />
  <meta name='ocr-capabilities' content='ocr_page ocr_carea ocr_par ocr_line ocrx_word'/>
</head>
<body>
  <div class='ocr_page' id='page_1' title='image "./dealexandrimagn00anspgoog_0011.png"; bbox 0 0 3496 5308; ppageno 0'>
   <div class='ocr_carea' id='block_1_1' title="bbox 850 317 1049 380">
    <p class='ocr_par' dir='ltr' id='par_1_1' title="bbox 850 317 1049 380">
     <span class='ocr_line' id='line_1_1' title="bbox 850 317 1049 380; baseline 0 -16"><span class='ocrx_word' id='word_1_1' title='bbox 850 317 1049 380; x_wconf 75' lang='grc'>..4.-</span> 
     </span>
    </p>
   </div>
   <div class='ocr_carea' id='block_1_2' title="bbox 297 507 1676 4714">
    <p class='ocr_par' dir='ltr' id='par_1_2' title="bbox 297 507 1676 4714">
     <span class='ocr_line' id='line_1_2' title="bbox 301 507 1604 580; baseline 0.002 -17"><span class='ocrx_word' id='word_1_2' title='bbox 301 513 398 565; x_wconf 87' lang='lat' dir='ltr'><strong>narrat</strong></span> <span class='ocrx_word' id='word_1_3' title='bbox 411 510 471 579; x_wconf 82' lang='lat' dir='ltr'><strong>vu,</strong></span> <span class='ocrx_word' id='word_1_4' title='bbox 490 515 562 579; x_wconf 73' lang='lat'><strong>3‚22:</strong></span> <span class='ocrx_word' id='word_1_5' title='bbox 581 507 659 563; x_wconf 88' lang='lat' dir='ltr'><strong>XVII</strong></span> <span class='ocrx_word' id='word_1_6' title='bbox 678 508 810 564; x_wconf 90' lang='lat' dir='ltr'><strong>dierum</strong></span> <span class='ocrx_word' id='word_1_7' title='bbox 833 508 948 580; x_wconf 79' lang='lat' dir='ltr'><strong>spatIo</strong></span> <span class='ocrx_word' id='word_1_8' title='bbox 972 508 1156 564; x_wconf 80' lang='lat' dir='ltr'><strong>Caucasum</strong></span> <span class='ocrx_word' id='word_1_9' title='bbox 1180 510 1357 580; x_wconf 91' lang='lat' dir='ltr'><strong>superavit</strong></span> <span class='ocrx_word' id='word_1_10' title='bbox 1380 509 1604 566; x_wconf 89' lang='lat' dir='ltr'><strong>exercitus...</strong></span> 
     </span>
     <span class='ocr_line' id='line_1_3' title="bbox 301 579 1605 650; baseline -0.001 -14"><span class='ocrx_word' id='word_1_11' title='bbox 301 583 498 637; x_wconf 89' lang='lat' dir='ltr'><strong>condendae</strong></span> <span class='ocrx_word' id='word_1_12' title='bbox 516 581 551 634; x_wconf 93' lang='lat' dir='ltr'><strong>in</strong></span> <span class='ocrx_word' id='word_1_13' title='bbox 569 579 746 635; x_wconf 76' lang='lat' dir='ltr'><strong>radicibus</strong></span> <span class='ocrx_word' id='word_1_14' title='bbox 764 579 890 634; x_wconf 90' lang='lat' dir='ltr'><strong>montis</strong></span> <span class='ocrx_word' id='word_1_15' title='bbox 909 581 986 635; x_wconf 92' lang='lat' dir='ltr'><strong>urbi</strong></span> <span class='ocrx_word' id='word_1_16' title='bbox 1004 582 1102 636; x_wconf 89' lang='lat' dir='ltr'><strong>sedes</strong></span> <span class='ocrx_word' id='word_1_17' title='bbox 1122 581 1234 635; x_wconf 86' lang='lat' dir='ltr'><strong>electa</strong></span> <span class='ocrx_word' id='word_1_18' title='bbox 1249 585 1352 637; x_wconf 89' lang='lat' dir='ltr'><strong>est...</strong></span> <span class='ocrx_word' id='word_1_19' title='bbox 1373 582 1458 636; x_wconf 92' lang='lat' dir='ltr'><strong>hanc</strong></span> <span class='ocrx_word' id='word_1_20' title='bbox 1472 599 1605 650; x_wconf 87' lang='lat' dir='ltr'><strong>quoque</strong></span> 
     </span>
     <span class='ocr_line' id='line_1_4' title="bbox 301 651 1605 723; baseline 0 -18"><span class='ocrx_word' id='word_1_21' title='bbox 301 652 547 708; x_wconf 88' lang='lat' dir='ltr'><strong>Alexandriam</strong></span> <span class='ocrx_word' id='word_1_22' title='bbox 568 651 705 706; x_wconf 89' lang='lat' dir='ltr'><strong>incolae</strong></span> <span class='ocrx_word' id='word_1_23' title='bbox 725 651 999 722; x_wconf 86' lang='lat' dir='ltr'><strong>appellaverunt.</strong></span> <span class='ocrx_word' id='word_1_24' title='bbox 1037 669 1069 706; x_wconf 93' lang='lat' dir='ltr'><strong>ac</strong></span> <span class='ocrx_word' id='word_1_25' title='bbox 1087 651 1227 707; x_wconf 87' lang='lat' dir='ltr'><strong>Diodorus</strong></span> <span class='ocrx_word' id='word_1_26' title='bbox 1265 653 1360 708; x_wconf 90' lang='lat' dir='ltr'><strong>uidem</strong></span> <span class='ocrx_word' id='word_1_27' title='bbox 1378 653 1475 708; x_wconf 89' lang='lat' dir='ltr'><strong>urbem</strong></span> <span class='ocrx_word' id='word_1_28' title='bbox 1493 652 1605 723; x_wconf 89' lang='lat' dir='ltr'><strong>putavit</strong></span> 
     </span>
     <span class='ocr_line' id='line_1_5' title="bbox 302 672 1605 792; baseline -0.001 -14"><span class='ocrx_word' id='word_1_29' title='bbox 302 740 362 779; x_wconf 91' lang='lat' dir='ltr'><strong>esse</strong></span> <span class='ocrx_word' id='word_1_30' title='bbox 382 723 525 779; x_wconf 89' lang='lat' dir='ltr'><strong>conditam</strong></span> <span class='ocrx_word' id='word_1_31' title='bbox 543 722 573 776; x_wconf 88' lang='lat' dir='ltr'><strong>in</strong></span> <span class='ocrx_word' id='word_1_32' title='bbox 590 725 671 792; x_wconf 91' lang='lat' dir='ltr'><strong>parte</strong></span> <span class='ocrx_word' id='word_1_33' title='bbox 686 722 803 778; x_wconf 78' lang='lat' dir='ltr'><strong>Caucasi</strong></span> <span class='ocrx_word' id='word_1_34' title='bbox 817 722 1042 792; x_wconf 71' lang='lat' dir='ltr'><strong>septentrionali:</strong></span> <span class='ocrx_word' id='word_1_35' title='bbox 1059 725 1232 778; x_wconf 81' lang='grc' dir='ltr'><strong><em>διελθὼν...</em></strong></span> <span class='ocrx_word' id='word_1_36' title='bbox 1246 672 1346 779; x_wconf 64' lang='lat' dir='ltr'><strong>Istros.</strong></span> <span class='ocrx_word' id='word_1_37' title='bbox 1379 724 1491 779; x_wconf 88' lang='lat' dir='ltr'><strong>Curtius</strong></span> <span class='ocrx_word' id='word_1_38' title='bbox 1506 724 1605 778; x_wconf 90' lang='lat' dir='ltr'><strong>eodem</strong></span> 
     </span>
     <span class='ocr_line' id='line_1_6' title="bbox 302 793 1605 864; baseline 0 -16"><span class='ocrx_word' id='word_1_39' title='bbox 302 795 399 850; x_wconf 91' lang='lat' dir='ltr'><strong>ordine</strong></span> <span class='ocrx_word' id='word_1_40' title='bbox 418 811 461 850; x_wconf 91' lang='lat' dir='ltr'><strong>res</strong></span> <span class='ocrx_word' id='word_1_41' title='bbox 480 794 574 862; x_wconf 82' lang='lat' dir='ltr'><strong>refert,</strong></span> <span class='ocrx_word' id='word_1_42' title='bbox 593 811 764 862; x_wconf 87' lang='lat' dir='ltr'><strong>quamquam</strong></span> <span class='ocrx_word' id='word_1_43' title='bbox 781 811 838 849; x_wconf 92' lang='lat' dir='ltr'><strong>non</strong></span> <span class='ocrx_word' id='word_1_44' title='bbox 856 796 952 864; x_wconf 87' lang='lat' dir='ltr'><strong>aperte</strong></span> <span class='ocrx_word' id='word_1_45' title='bbox 970 794 1091 864; x_wconf 85' lang='lat' dir='ltr'><strong>indicat,</strong></span> <span class='ocrx_word' id='word_1_46' title='bbox 1110 793 1160 847; x_wconf 92' lang='lat' dir='ltr'><strong>ubi</strong></span> <span class='ocrx_word' id='word_1_47' title='bbox 1182 794 1249 849; x_wconf 89' lang='lat' dir='ltr'><strong>urbs</strong></span> <span class='ocrx_word' id='word_1_48' title='bbox 1273 794 1329 850; x_wconf 88' lang='lat' dir='ltr'><strong>sita</strong></span> <span class='ocrx_word' id='word_1_49' title='bbox 1351 793 1444 851; x_wconf 86' lang='lat' dir='ltr'><strong>fuerit.</strong></span> <span class='ocrx_word' id='word_1_50' title='bbox 1489 793 1543 849; x_wconf 82' lang='lat' dir='ltr'><strong>Sed</strong></span> <span class='ocrx_word' id='word_1_51' title='bbox 1566 795 1605 848; x_wconf 89' lang='lat' dir='ltr'><strong>vi-</strong></span> 
     </span>
     <span class='ocr_line' id='line_1_7' title="bbox 301 862 1605 938; baseline 0.001 -19"><span class='ocrx_word' id='word_1_52' title='bbox 301 866 417 921; x_wconf 83' lang='lat' dir='ltr'><strong>deamus</strong></span> <span class='ocrx_word' id='word_1_53' title='bbox 441 865 591 920; x_wconf 74' lang='lat' dir='ltr'><strong>Attianum</strong></span> <span class='ocrx_word' id='word_1_54' title='bbox 613 865 664 934; x_wconf 86' lang='lat' dir='ltr'><strong>IV,</strong></span> <span class='ocrx_word' id='word_1_55' title='bbox 689 871 764 934; x_wconf 80' lang='lat'><strong>21,4:</strong></span> <span class='ocrx_word' id='word_1_56' title='bbox 789 866 952 938; x_wconf 80' lang='grc' dir='ltr'><strong><em>ὑπερβαλὼν</em></strong></span> <span class='ocrx_word' id='word_1_57' title='bbox 976 866 1007 921; x_wconf 81' lang='grc' dir='ltr'><strong>δὲ</strong></span> <span class='ocrx_word' id='word_1_58' title='bbox 1030 868 1079 921; x_wconf 85' lang='grc' dir='ltr'><strong><em>τὸν</em></strong></span> <span class='ocrx_word' id='word_1_59' title='bbox 1104 866 1257 921; x_wconf 80' lang='grc' dir='ltr'><strong><em>Καύκασον</em></strong></span> <span class='ocrx_word' id='word_1_60' title='bbox 1281 863 1311 921; x_wconf 78' lang='grc' dir='ltr'><strong><em>ἐν</em></strong></span> <span class='ocrx_word' id='word_1_61' title='bbox 1334 865 1403 921; x_wconf 80' lang='grc' dir='ltr'><strong><em>δέκα</em></strong></span> <span class='ocrx_word' id='word_1_62' title='bbox 1428 864 1545 936; x_wconf 75' lang='grc' dir='ltr'><strong><em>ἡμέραις</em></strong></span> <span class='ocrx_word' id='word_1_63' title='bbox 1562 862 1605 936; x_wconf 74' lang='grc' dir='ltr'><strong>(ἐκ</strong></span> 
     </span>
     <span class='ocr_line' id='line_1_8' title="bbox 299 933 1607 1008; baseline 0.001 -18"><span class='ocrx_word' id='word_1_64' title='bbox 299 938 444 1008; x_wconf 75' lang='grc' dir='ltr'><strong>Βάκτρων)</strong></span> <span class='ocrx_word' id='word_1_65' title='bbox 467 938 586 1007; x_wconf 80' lang='grc' dir='ltr'><strong><em>ἀφίκετο</em></strong></span> <span class='ocrx_word' id='word_1_66' title='bbox 610 935 650 999; x_wconf 73' lang='grc' dir='ltr'><strong>τίς</strong></span> <span class='ocrx_word' id='word_1_67' title='bbox 669 933 877 1006; x_wconf 73' lang='grc' dir='ltr'><strong><em>Ἀλεξάνδρειαν</em></strong></span> <span class='ocrx_word' id='word_1_68' title='bbox 910 934 992 991; x_wconf 86' lang='grc' dir='ltr'><strong><em>πόλιν</em></strong></span> <span class='ocrx_word' id='word_1_69' title='bbox 1019 938 1071 1006; x_wconf 87' lang='grc' dir='ltr'><strong><em>τὴν</em></strong></span> <span class='ocrx_word' id='word_1_70' title='bbox 1098 941 1261 992; x_wconf 74' lang='grc' dir='ltr'><strong><em>κτισθεῖσαν</em></strong></span> <span class='ocrx_word' id='word_1_71' title='bbox 1291 937 1321 992; x_wconf 77' lang='grc' dir='ltr'><strong><em>ἐν</em></strong></span> <span class='ocrx_word' id='word_1_72' title='bbox 1350 937 1607 1007; x_wconf 74' lang='grc' dir='ltr'><strong><em>Παραπαμισάδαις</em></strong></span> 
     </span>
     <span class='ocr_line' id='line_1_9' title="bbox 301 1003 1605 1078; baseline -0.002 -14"><span class='ocrx_word' id='word_1_73' title='bbox 301 1008 347 1065; x_wconf 79' lang='grc' dir='ltr'><strong>ότι</strong></span> <span class='ocrx_word' id='word_1_74' title='bbox 365 1010 397 1064; x_wconf 88' lang='grc' dir='ltr'><strong>τὸ</strong></span> <span class='ocrx_word' id='word_1_75' title='bbox 415 1017 526 1078; x_wconf 80' lang='grc' dir='ltr'><strong><em>πρῶτον</em></strong></span> <span class='ocrx_word' id='word_1_76' title='bbox 546 1004 593 1063; x_wconf 78' lang='grc' dir='ltr'><strong>ἐπί</strong></span> <span class='ocrx_word' id='word_1_77' title='bbox 612 1007 744 1076; x_wconf 76' lang='grc' dir='ltr'><strong><em>Βάκτρων</em></strong></span> <span class='ocrx_word' id='word_1_78' title='bbox 763 1003 908 1063; x_wconf 81' lang='grc' dir='ltr'><strong><em>ἐστέλλετο.</em></strong></span> <span class='ocrx_word' id='word_1_79' title='bbox 946 1007 1075 1062; x_wconf 82' lang='lat' dir='ltr'><strong>Dilucide</strong></span> <span class='ocrx_word' id='word_1_80' title='bbox 1094 1007 1182 1078; x_wconf 90' lang='lat' dir='ltr'><strong>igitur</strong></span> <span class='ocrx_word' id='word_1_81' title='bbox 1195 1007 1277 1063; x_wconf 89' lang='lat' dir='ltr'><strong>nobis</strong></span> <span class='ocrx_word' id='word_1_82' title='bbox 1291 1011 1395 1078; x_wconf 82' lang='lat' dir='ltr'><strong>narrat,</strong></span> <span class='ocrx_word' id='word_1_83' title='bbox 1414 1008 1605 1062; x_wconf 85' lang='lat' dir='ltr'><strong>Alexandrum</strong></span> 
     </span>
     <span class='ocr_line' id='line_1_10' title="bbox 301 1078 1605 1151; baseline 0 -17"><span class='ocrx_word' id='word_1_84' title='bbox 301 1096 335 1134; x_wconf 89' lang='lat' dir='ltr'><strong>ex</strong></span> <span class='ocrx_word' id='word_1_85' title='bbox 349 1079 459 1135; x_wconf 89' lang='lat' dir='ltr'><strong>Bactris</strong></span> <span class='ocrx_word' id='word_1_86' title='bbox 474 1079 638 1134; x_wconf 87' lang='lat' dir='ltr'><strong>transmisso</strong></span> <span class='ocrx_word' id='word_1_87' title='bbox 652 1078 776 1133; x_wconf 77' lang='lat' dir='ltr'><strong>Caucaso</strong></span> <span class='ocrx_word' id='word_1_88' title='bbox 790 1078 898 1134; x_wconf 90' lang='lat' dir='ltr'><strong>venisse</strong></span> <span class='ocrx_word' id='word_1_89' title='bbox 911 1079 942 1132; x_wconf 89' lang='lat' dir='ltr'><strong>in</strong></span> <span class='ocrx_word' id='word_1_90' title='bbox 955 1080 1053 1134; x_wconf 90' lang='lat' dir='ltr'><strong>urbem</strong></span> <span class='ocrx_word' id='word_1_91' title='bbox 1066 1078 1274 1149; x_wconf 83' lang='lat' dir='ltr'><strong>Alexandriam,</strong></span> <span class='ocrx_word' id='word_1_92' title='bbox 1289 1081 1319 1134; x_wconf 91' lang='lat' dir='ltr'><strong>in</strong></span> <span class='ocrx_word' id='word_1_93' title='bbox 1332 1079 1605 1151; x_wconf 89' lang='lat' dir='ltr'><strong>Paropanisadarum</strong></span> 
     </span>
     <span class='ocr_line' id='line_1_11' title="bbox 300 1149 1605 1221; baseline 0 -17"><span class='ocrx_word' id='word_1_94' title='bbox 300 1152 416 1221; x_wconf 87' lang='lat' dir='ltr'><strong>regione</strong></span> <span class='ocrx_word' id='word_1_95' title='bbox 434 1151 587 1220; x_wconf 86' lang='lat' dir='ltr'><strong>conditam,</strong></span> <span class='ocrx_word' id='word_1_96' title='bbox 606 1167 676 1218; x_wconf 89' lang='lat' dir='ltr'><strong>quos</strong></span> <span class='ocrx_word' id='word_1_97' title='bbox 693 1153 803 1220; x_wconf 88' lang='lat' dir='ltr'><strong>partem</strong></span> <span class='ocrx_word' id='word_1_98' title='bbox 822 1150 939 1205; x_wconf 84' lang='lat' dir='ltr'><strong>Caucasi</strong></span> <span class='ocrx_word' id='word_1_99' title='bbox 957 1149 1060 1206; x_wconf 87' lang='lat' dir='ltr'><strong>montis</strong></span> <span class='ocrx_word' id='word_1_100' title='bbox 1079 1149 1291 1206; x_wconf 88' lang='lat' dir='ltr'><strong>meridionalem</strong></span> <span class='ocrx_word' id='word_1_101' title='bbox 1318 1151 1409 1206; x_wconf 88' lang='lat' dir='ltr'><strong>colere</strong></span> <span class='ocrx_word' id='word_1_102' title='bbox 1427 1167 1522 1206; x_wconf 89' lang='lat' dir='ltr'><strong>omncs</strong></span> <span class='ocrx_word' id='word_1_103' title='bbox 1542 1168 1605 1205; x_wconf 91' lang='lat' dir='ltr'><strong>con·</strong></span> 
     </span>
     <span class='ocr_line' id='line_1_12' title="bbox 300 1217 1605 1294; baseline 0 -18"><span class='ocrx_word' id='word_1_104' title='bbox 300 1223 435 1277; x_wconf 89' lang='lat' dir='ltr'><strong>sentiunt.</strong></span> <span class='ocrx_word' id='word_1_105' title='bbox 474 1225 559 1277; x_wconf 88' lang='lat' dir='ltr'><strong>antea</strong></span> <span class='ocrx_word' id='word_1_106' title='bbox 577 1221 738 1291; x_wconf 78' lang='lat' dir='ltr'><strong>scripserat:</strong></span> <span class='ocrx_word' id='word_1_107' title='bbox 757 1221 804 1291; x_wconf 90' lang='lat'>111,</span> <span class='ocrx_word' id='word_1_108' title='bbox 823 1227 897 1292; x_wconf 79' lang='lat'><strong>28‚4:</strong></span> <span class='ocrx_word' id='word_1_109' title='bbox 918 1217 949 1277; x_wconf 73' lang='grc' dir='ltr'><strong><em>ἐν</em></strong></span> <span class='ocrx_word' id='word_1_110' title='bbox 967 1222 1055 1294; x_wconf 81' lang='grc' dir='ltr'><strong><em>τούτῳ</em></strong></span> <span class='ocrx_word' id='word_1_111' title='bbox 1074 1221 1106 1276; x_wconf 74' lang='grc' dir='ltr'><strong>δὲ</strong></span> <span class='ocrx_word' id='word_1_112' title='bbox 1118 1221 1293 1293; x_wconf 75' lang='grc' dir='ltr'><strong><em>Ἀλέξανδρος</em></strong></span> <span class='ocrx_word' id='word_1_113' title='bbox 1306 1223 1376 1293; x_wconf 84' lang='grc' dir='ltr'><strong><em>πρὸς</em></strong></span> <span class='ocrx_word' id='word_1_114' title='bbox 1389 1223 1440 1278; x_wconf 86' lang='grc' dir='ltr'><strong><em>τόν</em></strong></span> <span class='ocrx_word' id='word_1_115' title='bbox 1454 1223 1605 1277; x_wconf 78' lang='grc' dir='ltr'><strong><em>Καύκασον</em></strong></span> 
     </span>
     <span class='ocr_line' id='line_1_13' title="bbox 298 1287 1606 1421; baseline -0.001 -73"><span class='ocrx_word' id='word_1_116' title='bbox 298 1294 330 1348; x_wconf 88' lang='grc' dir='ltr'><strong>τὸ</strong></span> <span class='ocrx_word' id='word_1_117' title='bbox 351 1295 415 1362; x_wconf 83' lang='grc' dir='ltr'><strong><em>ὄρος</em></strong></span> <span class='ocrx_word' id='word_1_118' title='bbox 433 1287 491 1421; x_wconf 59' lang='grc' dir='ltr'><strong>ἦρε,</strong></span> <span class='ocrx_word' id='word_1_119' title='bbox 512 1295 559 1348; x_wconf 75' lang='grc' dir='ltr'><strong><em>ἵνα</em></strong></span> <span class='ocrx_word' id='word_1_120' title='bbox 578 1293 627 1346; x_wconf 78' lang='grc' dir='ltr'><strong>καὶ</strong></span> <span class='ocrx_word' id='word_1_121' title='bbox 651 1291 733 1348; x_wconf 88' lang='grc' dir='ltr'><strong><em>πόλιν</em></strong></span> <span class='ocrx_word' id='word_1_122' title='bbox 756 1291 845 1348; x_wconf 76' lang='grc' dir='ltr'><strong><em>ἔκτισε</em></strong></span> <span class='ocrx_word' id='word_1_123' title='bbox 869 1294 915 1348; x_wconf 81' lang='grc' dir='ltr'><strong>καὶ</strong></span> <span class='ocrx_word' id='word_1_124' title='bbox 940 1292 1085 1363; x_wconf 80' lang='grc' dir='ltr'><strong><em>ὠνόμασεν</em></strong></span> <span class='ocrx_word' id='word_1_125' title='bbox 1105 1291 1365 1364; x_wconf 74' lang='grc' dir='ltr'><strong><em>Ἀλεξάνδρειαν...</em></strong></span> <span class='ocrx_word' id='word_1_126' title='bbox 1386 1292 1531 1364; x_wconf 77' lang='grc' dir='ltr'><strong><em>σατράπην</em></strong></span> <span class='ocrx_word' id='word_1_127' title='bbox 1554 1293 1606 1364; x_wconf 76' lang='grc' dir='ltr'><strong><em>μὲν</em></strong></span> 
     </span>
     <span class='ocr_line' id='line_1_14' title="bbox 302 1359 1605 1440; baseline -0.001 -21"><span class='ocrx_word' id='word_1_128' title='bbox 302 1373 336 1436; x_wconf 79' lang='grc' dir='ltr'><strong>τῇ</strong></span> <span class='ocrx_word' id='word_1_129' title='bbox 356 1366 432 1440; x_wconf 78' lang='grc' dir='ltr'><strong><em>χώρᾳ</em></strong></span> <span class='ocrx_word' id='word_1_130' title='bbox 467 1364 585 1431; x_wconf 80' lang='grc' dir='ltr'><strong><em>πιτάξας</em></strong></span> <span class='ocrx_word' id='word_1_131' title='bbox 604 1362 783 1434; x_wconf 78' lang='grc' dir='ltr'><strong><em>Προέξην...</em></strong></span> <span class='ocrx_word' id='word_1_132' title='bbox 798 1373 854 1420; x_wconf 82' lang='grc' dir='ltr'><strong><em>τῶν</em></strong></span> <span class='ocrx_word' id='word_1_133' title='bbox 872 1364 904 1420; x_wconf 78' lang='grc' dir='ltr'><strong>δὲ</strong></span> <span class='ocrx_word' id='word_1_134' title='bbox 924 1359 1042 1434; x_wconf 69' lang='grc' dir='ltr'><strong><em>ἑταίρων</em></strong></span> <span class='ocrx_word' id='word_1_135' title='bbox 1061 1364 1231 1431; x_wconf 75' lang='grc' dir='ltr'><strong><em>Νειλόξενον</em></strong></span> <span class='ocrx_word' id='word_1_136' title='bbox 1245 1365 1294 1420; x_wconf 78' lang='grc' dir='ltr'><strong><em>τόν</em></strong></span> <span class='ocrx_word' id='word_1_137' title='bbox 1308 1366 1438 1435; x_wconf 81' lang='grc' dir='ltr'><strong><em>Σατάρον</em></strong></span> <span class='ocrx_word' id='word_1_138' title='bbox 1454 1364 1605 1420; x_wconf 81' lang='grc' dir='ltr'><strong><em>ἐπίσκοπον</em></strong></span> 
     </span>
     <span class='ocr_line' id='line_1_15' title="bbox 301 1434 1606 1510; baseline -0.002 -20"><span class='ocrx_word' id='word_1_139' title='bbox 301 1437 353 1502; x_wconf 77' lang='grc' dir='ltr'><strong><em>ξὺν</em></strong></span> <span class='ocrx_word' id='word_1_140' title='bbox 372 1440 486 1510; x_wconf 83' lang='grc' dir='ltr'><strong><em>στρατιᾷ</em></strong></span> <span class='ocrx_word' id='word_1_141' title='bbox 506 1437 659 1491; x_wconf 79' lang='grc' dir='ltr'><strong><em>ἀπολιπών.</em></strong></span> <span class='ocrx_word' id='word_1_142' title='bbox 705 1434 790 1505; x_wconf 88' lang='lat' dir='ltr'><strong>plane</strong></span> <span class='ocrx_word' id='word_1_143' title='bbox 818 1435 905 1490; x_wconf 92' lang='lat' dir='ltr'><strong>etiam</strong></span> <span class='ocrx_word' id='word_1_144' title='bbox 927 1435 985 1490; x_wconf 87' lang='lat' dir='ltr'><strong>veri</strong></span> <span class='ocrx_word' id='word_1_145' title='bbox 1004 1435 1140 1490; x_wconf 79' lang='lat' dir='ltr'><strong>dissimile</strong></span> <span class='ocrx_word' id='word_1_146' title='bbox 1169 1435 1207 1490; x_wconf 90' lang='lat' dir='ltr'><strong>sit</strong></span> <span class='ocrx_word' id='word_1_147' title='bbox 1233 1435 1357 1491; x_wconf 89' lang='lat' dir='ltr'><strong>Caucaso</strong></span> <span class='ocrx_word' id='word_1_148' title='bbox 1384 1435 1548 1492; x_wconf 88' lang='lat' dir='ltr'><strong>transmisso</strong></span> <span class='ocrx_word' id='word_1_149' title='bbox 1575 1436 1606 1488; x_wconf 94' lang='lat' dir='ltr'><strong>in</strong></span> 
     </span>
     <span class='ocr_line' id='line_1_16' title="bbox 300 1505 1606 1578; baseline 0 -18"><span class='ocrx_word' id='word_1_150' title='bbox 300 1507 393 1576; x_wconf 91' lang='lat' dir='ltr'><strong>prima</strong></span> <span class='ocrx_word' id='word_1_151' title='bbox 410 1506 563 1562; x_wconf 88' lang='lat' dir='ltr'><strong>Bactriana</strong></span> <span class='ocrx_word' id='word_1_152' title='bbox 580 1506 773 1560; x_wconf 83' lang='lat' dir='ltr'><strong>Alexandrum</strong></span> <span class='ocrx_word' id='word_1_153' title='bbox 789 1506 936 1574; x_wconf 85' lang='lat' dir='ltr'><strong>reliquisse</strong></span> <span class='ocrx_word' id='word_1_154' title='bbox 955 1509 1099 1577; x_wconf 87' lang='lat' dir='ltr'><strong>satrapam</strong></span> <span class='ocrx_word' id='word_1_155' title='bbox 1117 1509 1146 1560; x_wconf 90' lang='lat' dir='ltr'><strong>et</strong></span> <span class='ocrx_word' id='word_1_156' title='bbox 1163 1505 1280 1562; x_wconf 84' lang='lat' dir='ltr'><strong>milites:</strong></span> <span class='ocrx_word' id='word_1_157' title='bbox 1301 1510 1386 1576; x_wconf 84' lang='lat' dir='ltr'><strong>atquc</strong></span> <span class='ocrx_word' id='word_1_158' title='bbox 1405 1511 1548 1578; x_wconf 88' lang='lat' dir='ltr'><strong>satrapam</strong></span> <span class='ocrx_word' id='word_1_159' title='bbox 1563 1524 1606 1561; x_wconf 88' lang='lat' dir='ltr'><strong>rc-</strong></span> 
     </span>
     <span class='ocr_line' id='line_1_17' title="bbox 301 1577 1604 1648; baseline 0.001 -16"><span class='ocrx_word' id='word_1_160' title='bbox 301 1577 394 1648; x_wconf 88' lang='lat' dir='ltr'><strong>gionis</strong></span> <span class='ocrx_word' id='word_1_161' title='bbox 408 1579 438 1632; x_wconf 87' lang='lat' dir='ltr'><strong>iu</strong></span> <span class='ocrx_word' id='word_1_162' title='bbox 452 1579 541 1634; x_wconf 85' lang='lat' dir='ltr'><strong>latere</strong></span> <span class='ocrx_word' id='word_1_163' title='bbox 555 1577 674 1632; x_wconf 89' lang='lat' dir='ltr'><strong>Caucasi</strong></span> <span class='ocrx_word' id='word_1_164' title='bbox 687 1577 866 1633; x_wconf 86' lang='lat' dir='ltr'><strong>meridionali</strong></span> <span class='ocrx_word' id='word_1_165' title='bbox 881 1577 960 1632; x_wconf 89' lang='lat' dir='ltr'><strong>sitae.</strong></span> <span class='ocrx_word' id='word_1_166' title='bbox 997 1577 1146 1632; x_wconf 90' lang='lat' dir='ltr'><strong>Arrianum</strong></span> <span class='ocrx_word' id='word_1_167' title='bbox 1161 1579 1307 1634; x_wconf 87' lang='lat' dir='ltr'><strong>confirmat</strong></span> <span class='ocrx_word' id='word_1_168' title='bbox 1317 1579 1418 1634; x_wconf 83' lang='lat' dir='ltr'><strong>Strabo</strong></span> <span class='ocrx_word' id='word_1_169' title='bbox 1433 1578 1484 1632; x_wconf 90' lang='lat' dir='ltr'><strong>XV</strong></span> <span class='ocrx_word' id='word_1_170' title='bbox 1518 1623 1523 1634; x_wconf 92' lang='lat'><strong>.</strong></span> <span class='ocrx_word' id='word_1_171' title='bbox 1541 1583 1604 1633; x_wconf 74' lang='lat'><strong>726:</strong></span> 
     </span>
     <span class='ocr_line' id='line_1_18' title="bbox 301 1646 1648 1720; baseline 0.001 -17"><span class='ocrx_word' id='word_1_172' title='bbox 301 1650 485 1720; x_wconf 78' lang='grc' dir='ltr'><strong><em>διαχειμάσας</em></strong></span> <span class='ocrx_word' id='word_1_173' title='bbox 503 1647 530 1704; x_wconf 77' lang='grc' dir='ltr'><strong>δ’</strong></span> <span class='ocrx_word' id='word_1_174' title='bbox 531 1649 635 1704; x_wconf 74' lang='grc' dir='ltr'><strong><em>αὐτόθι</em></strong></span> <span class='ocrx_word' id='word_1_175' title='bbox 653 1646 820 1717; x_wconf 76' lang='grc' dir='ltr'><strong><em>ὑπερδέξιον</em></strong></span> <span class='ocrx_word' id='word_1_176' title='bbox 839 1648 897 1719; x_wconf 77' lang='grc' dir='ltr'><strong><em>ἔχει</em></strong></span> <span class='ocrx_word' id='word_1_177' title='bbox 914 1649 966 1718; x_wconf 79' lang='grc' dir='ltr'><strong><em>τὴν</em></strong></span> <span class='ocrx_word' id='word_1_178' title='bbox 982 1648 1103 1718; x_wconf 81' lang='grc' dir='ltr'><strong><em>Ἰνδικὴν</em></strong></span> <span class='ocrx_word' id='word_1_179' title='bbox 1122 1650 1170 1703; x_wconf 82' lang='grc' dir='ltr'><strong>καὶ</strong></span> <span class='ocrx_word' id='word_1_180' title='bbox 1195 1647 1277 1704; x_wconf 89' lang='grc' dir='ltr'><strong><em>πόλιν</em></strong></span> <span class='ocrx_word' id='word_1_181' title='bbox 1301 1653 1396 1713; x_wconf 88' lang='grc' dir='ltr'><strong><em>κτίσας</em></strong></span> <span class='ocrx_word' id='word_1_182' title='bbox 1419 1652 1605 1719; x_wconf 80' lang='grc' dir='ltr'><strong><em>ὑπερηκρισεν</em></strong></span> <span class='ocrx_word' id='word_1_183' title='bbox 1644 1697 1648 1705; x_wconf 97' lang='grc'>.</span> 
     </span>
     <span class='ocr_line' id='line_1_19' title="bbox 301 1719 1606 1792; baseline -0.002 -16"><span class='ocrx_word' id='word_1_184' title='bbox 301 1719 341 1783; x_wconf 79' lang='grc' dir='ltr'><strong>είς</strong></span> <span class='ocrx_word' id='word_1_185' title='bbox 358 1721 409 1790; x_wconf 82' lang='grc' dir='ltr'><strong><em>τὴν</em></strong></span> <span class='ocrx_word' id='word_1_186' title='bbox 428 1719 613 1790; x_wconf 80' lang='grc' dir='ltr'><strong><em>Βακτριανήν.</em></strong></span> <span class='ocrx_word' id='word_1_187' title='bbox 652 1723 775 1775; x_wconf 89' lang='lat' dir='ltr'><strong>ceterum</strong></span> <span class='ocrx_word' id='word_1_188' title='bbox 794 1720 830 1774; x_wconf 92' lang='lat' dir='ltr'><strong>ab</strong></span> <span class='ocrx_word' id='word_1_189' title='bbox 849 1720 981 1775; x_wconf 88' lang='lat' dir='ltr'><strong>orientali</strong></span> <span class='ocrx_word' id='word_1_190' title='bbox 998 1723 1079 1790; x_wconf 88' lang='lat' dir='ltr'><strong>parte</strong></span> <span class='ocrx_word' id='word_1_191' title='bbox 1097 1719 1220 1791; x_wconf 78' lang='lat' dir='ltr'><strong>regionis</strong></span> <span class='ocrx_word' id='word_1_192' title='bbox 1234 1721 1508 1792; x_wconf 89' lang='lat' dir='ltr'><strong>Paropanisadarum</strong></span> <span class='ocrx_word' id='word_1_193' title='bbox 1522 1720 1606 1775; x_wconf 88' lang='lat' dir='ltr'><strong>sitam</strong></span> 
     </span>
     <span class='ocr_line' id='line_1_20' title="bbox 300 1791 1606 1862; baseline 0.002 -18"><span class='ocrx_word' id='word_1_194' title='bbox 300 1792 386 1847; x_wconf 86' lang='lat' dir='ltr'><strong>fuisse</strong></span> <span class='ocrx_word' id='word_1_195' title='bbox 410 1791 610 1848; x_wconf 86' lang='lat' dir='ltr'><strong>Alexandriam</strong></span> <span class='ocrx_word' id='word_1_196' title='bbox 638 1791 725 1846; x_wconf 89' lang='lat' dir='ltr'><strong>etiam</strong></span> <span class='ocrx_word' id='word_1_197' title='bbox 752 1807 786 1846; x_wconf 90' lang='lat' dir='ltr'><strong>cx</strong></span> <span class='ocrx_word' id='word_1_198' title='bbox 813 1791 899 1845; x_wconf 92' lang='lat' dir='ltr'><strong>Plinii</strong></span> <span class='ocrx_word' id='word_1_199' title='bbox 921 1791 955 1845; x_wconf 87' lang='lat' dir='ltr'><strong>N.</strong></span> <span class='ocrx_word' id='word_1_200' title='bbox 974 1791 1008 1846; x_wconf 89' lang='grc' dir='ltr'><strong>Η.</strong></span> <span class='ocrx_word' id='word_1_201' title='bbox 1027 1791 1074 1858; x_wconf 87' lang='lat' dir='ltr'><strong>VI,</strong></span> <span class='ocrx_word' id='word_1_202' title='bbox 1094 1798 1172 1858; x_wconf 77' lang='lat'><strong>25‚92</strong></span> <span class='ocrx_word' id='word_1_203' title='bbox 1196 1792 1325 1846; x_wconf 88' lang='lat' dir='ltr'><strong>concludi</strong></span> <span class='ocrx_word' id='word_1_204' title='bbox 1352 1792 1432 1862; x_wconf 83' lang='lat' dir='ltr'><strong>licet,</strong></span> <span class='ocrx_word' id='word_1_205' title='bbox 1460 1793 1509 1862; x_wconf 90' lang='lat' dir='ltr'><strong>qui</strong></span> <span class='ocrx_word' id='word_1_206' title='bbox 1536 1792 1606 1846; x_wconf 90' lang='lat' dir='ltr'><strong>haec</strong></span> 
     </span>
     <span class='ocr_line' id='line_1_21' title="bbox 302 1862 1605 1932; baseline 0 -16"><span class='ocrx_word' id='word_1_207' title='bbox 302 1863 384 1918; x_wconf 90' lang='lat' dir='ltr'><strong>nobis</strong></span> <span class='ocrx_word' id='word_1_208' title='bbox 403 1863 536 1918; x_wconf 87' lang='lat' dir='ltr'><strong>tradidit:</strong></span> <span class='ocrx_word' id='word_1_209' title='bbox 560 1862 793 1932; x_wconf 82' lang='lat' dir='ltr'><strong>Paropanisadae,</strong></span> <span class='ocrx_word' id='word_1_210' title='bbox 812 1863 986 1918; x_wconf 88' lang='lat' dir='ltr'><strong>Cartana...</strong></span> <span class='ocrx_word' id='word_1_211' title='bbox 1006 1863 1076 1918; x_wconf 87' lang='lat' dir='ltr'><strong>haec</strong></span> <span class='ocrx_word' id='word_1_212' title='bbox 1099 1862 1176 1932; x_wconf 90' lang='lat' dir='ltr'><strong>regio</strong></span> <span class='ocrx_word' id='word_1_213' title='bbox 1195 1866 1290 1918; x_wconf 86' lang='lat' dir='ltr'><strong>estex</strong></span> <span class='ocrx_word' id='word_1_214' title='bbox 1309 1865 1425 1919; x_wconf 87' lang='lat' dir='ltr'><strong>adverso</strong></span> <span class='ocrx_word' id='word_1_215' title='bbox 1443 1863 1605 1918; x_wconf 88' lang='lat' dir='ltr'><strong>Bactriano-</strong></span> 
     </span>
     <span class='ocr_line' id='line_1_22' title="bbox 302 1934 1605 2005; baseline 0.001 -18"><span class='ocrx_word' id='word_1_216' title='bbox 302 1951 377 2003; x_wconf 86' lang='lat' dir='ltr'><strong>rum,</strong></span> <span class='ocrx_word' id='word_1_217' title='bbox 405 1935 530 1990; x_wconf 86' lang='lat' dir='ltr'><strong>deinde</strong></span> <span class='ocrx_word' id='word_1_218' title='bbox 557 1934 636 1988; x_wconf 91' lang='lat' dir='ltr'><strong>cuius</strong></span> <span class='ocrx_word' id='word_1_219' title='bbox 664 1934 798 2004; x_wconf 90' lang='lat' dir='ltr'><strong>oppidum</strong></span> <span class='ocrx_word' id='word_1_220' title='bbox 824 1934 997 1989; x_wconf 87' lang='lat' dir='ltr'><strong>Alexandria</strong></span> <span class='ocrx_word' id='word_1_221' title='bbox 1023 1951 1040 1988; x_wconf 88' lang='lat' dir='ltr'><strong>a</strong></span> <span class='ocrx_word' id='word_1_222' title='bbox 1066 1935 1209 1989; x_wconf 90' lang='lat' dir='ltr'><strong>conditore</strong></span> <span class='ocrx_word' id='word_1_223' title='bbox 1233 1935 1340 1990; x_wconf 87' lang='lat' dir='ltr'><strong>dictum</strong></span> <span class='ocrx_word' id='word_1_224' title='bbox 1364 1934 1502 2005; x_wconf 81' lang='lat' dir='ltr'><strong>Sydralri.</strong></span> <span class='ocrx_word' id='word_1_225' title='bbox 1521 1979 1548 1990; x_wconf 85' lang='lat'><strong>..</strong></span> <span class='ocrx_word' id='word_1_226' title='bbox 1569 1935 1605 1988; x_wconf 91' lang='lat' dir='ltr'><strong>ad</strong></span> 
     </span>
     <span class='ocr_line' id='line_1_23' title="bbox 301 2004 1604 2077; baseline 0.002 -18"><span class='ocrx_word' id='word_1_227' title='bbox 301 2005 458 2060; x_wconf 86' lang='lat' dir='ltr'><strong>Caucasum</strong></span> <span class='ocrx_word' id='word_1_228' title='bbox 476 2005 636 2062; x_wconf 88' lang='lat' dir='ltr'><strong>Cadrusi..</strong></span> <span class='ocrx_word' id='word_1_229' title='bbox 654 2049 659 2060; x_wconf 92' lang='lat'>.</span> <span class='ocrx_word' id='word_1_230' title='bbox 679 2004 753 2060; x_wconf 89' lang='lat' dir='ltr'><strong>infra</strong></span> <span class='ocrx_word' id='word_1_231' title='bbox 771 2005 842 2060; x_wconf 88' lang='lat' dir='ltr'><strong>haec</strong></span> <span class='ocrx_word' id='word_1_232' title='bbox 861 2005 956 2060; x_wconf 89' lang='lat' dir='ltr'><strong>omnia</strong></span> <span class='ocrx_word' id='word_1_233' title='bbox 974 2022 1023 2060; x_wconf 90' lang='lat' dir='ltr'><strong>ora</strong></span> <span class='ocrx_word' id='word_1_234' title='bbox 1042 2005 1078 2060; x_wconf 91' lang='lat' dir='ltr'><strong>ab</strong></span> <span class='ocrx_word' id='word_1_235' title='bbox 1096 2005 1186 2060; x_wconf 89' lang='lat' dir='ltr'><strong>Indo.</strong></span> <span class='ocrx_word' id='word_1_236' title='bbox 1224 2005 1280 2060; x_wconf 88' lang='lat' dir='ltr'><strong>iam</strong></span> <span class='ocrx_word' id='word_1_237' title='bbox 1301 2005 1437 2077; x_wconf 84' lang='lat' dir='ltr'><strong>Stephani</strong></span> <span class='ocrx_word' id='word_1_238' title='bbox 1455 2007 1519 2076; x_wconf 79' lang='lat' dir='ltr'><strong>Byr.</strong></span> <span class='ocrx_word' id='word_1_239' title='bbox 1540 2025 1560 2061; x_wconf 94' lang='lat' dir='ltr'><strong>s.</strong></span> <span class='ocrx_word' id='word_1_240' title='bbox 1579 2025 1604 2062; x_wconf 87' lang='lat' dir='ltr'><strong>v.</strong></span> 
     </span>
     <span class='ocr_line' id='line_1_24' title="bbox 299 2075 1605 2148; baseline -0.002 -17"><span class='ocrx_word' id='word_1_241' title='bbox 299 2075 489 2148; x_wconf 79' lang='grc' dir='ltr'><strong><em>Ἀλεξάνδρεια</em></strong></span> <span class='ocrx_word' id='word_1_242' title='bbox 516 2079 734 2132; x_wconf 87' lang='lat' dir='ltr'><strong>commemorata</strong></span> <span class='ocrx_word' id='word_1_243' title='bbox 761 2077 828 2130; x_wconf 90' lang='lat' dir='ltr'><strong>urbs</strong></span> <span class='ocrx_word' id='word_1_244' title='bbox 857 2075 887 2132; x_wconf 77' lang='grc' dir='ltr'><strong><em>ἐν</em></strong></span> <span class='ocrx_word' id='word_1_245' title='bbox 914 2085 947 2148; x_wconf 71' lang='grc' dir='ltr'><strong>τῇ</strong></span> <span class='ocrx_word' id='word_1_246' title='bbox 972 2075 1090 2148; x_wconf 81' lang='grc' dir='ltr'><strong><em>Ὀπιανῇ</em></strong></span> <span class='ocrx_word' id='word_1_247' title='bbox 1118 2078 1190 2131; x_wconf 80' lang='grc' dir='ltr'><strong><em>κατὰ</em></strong></span> <span class='ocrx_word' id='word_1_248' title='bbox 1217 2077 1268 2146; x_wconf 84' lang='grc' dir='ltr'><strong><em>τὴν</em></strong></span> <span class='ocrx_word' id='word_1_249' title='bbox 1294 2077 1416 2148; x_wconf 79' lang='grc' dir='ltr'><strong><em>Ἰνδικὴν</em></strong></span> <span class='ocrx_word' id='word_1_250' title='bbox 1443 2078 1519 2146; x_wconf 91' lang='lat' dir='ltr'><strong>quod</strong></span> <span class='ocrx_word' id='word_1_251' title='bbox 1550 2077 1605 2131; x_wconf 90' lang='lat' dir='ltr'><strong>nisi</strong></span> 
     </span>
     <span class='ocr_line' id='line_1_25' title="bbox 300 2147 1605 2220; baseline 0 -18"><span class='ocrx_word' id='word_1_252' title='bbox 300 2151 426 2202; x_wconf 88' lang='lat' dir='ltr'><strong>nostram</strong></span> <span class='ocrx_word' id='word_1_253' title='bbox 449 2148 547 2202; x_wconf 86' lang='lat' dir='ltr'><strong>urbem</strong></span> <span class='ocrx_word' id='word_1_254' title='bbox 564 2165 621 2202; x_wconf 89' lang='lat' dir='ltr'><strong>non</strong></span> <span class='ocrx_word' id='word_1_255' title='bbox 674 2150 767 2202; x_wconf 87' lang='lat' dir='ltr'><strong>ectare</strong></span> <span class='ocrx_word' id='word_1_256' title='bbox 785 2147 981 2218; x_wconf 87' lang='lat' dir='ltr'><strong>Cunningham</strong></span> <span class='ocrx_word' id='word_1_257' title='bbox 999 2147 1131 2202; x_wconf 91' lang='lat' dir='ltr'><strong>coniecit:</strong></span> <span class='ocrx_word' id='word_1_258' title='bbox 1156 2148 1224 2202; x_wconf 89' lang='lat' dir='ltr'><strong>The</strong></span> <span class='ocrx_word' id='word_1_259' title='bbox 1247 2148 1386 2202; x_wconf 89' lang='lat' dir='ltr'><strong>ancient</strong></span> <span class='ocrx_word' id='word_1_260' title='bbox 1405 2150 1605 2220; x_wconf 86' lang='lat' dir='ltr'><strong>geography</strong></span> 
     </span>
     <span class='ocr_line' id='line_1_26' title="bbox 301 2218 1604 2290; baseline -0.001 -17"><span class='ocrx_word' id='word_1_261' title='bbox 301 2219 338 2273; x_wconf 91' lang='lat' dir='ltr'><strong>of</strong></span> <span class='ocrx_word' id='word_1_262' title='bbox 353 2219 454 2274; x_wconf 88' lang='lat' dir='ltr'><strong>India</strong></span> <span class='ocrx_word' id='word_1_263' title='bbox 472 2220 485 2273; x_wconf 96' lang='grc' dir='ltr'>Ι</span> <span class='ocrx_word' id='word_1_264' title='bbox 502 2238 529 2290; x_wconf 89' lang='lat' dir='ltr'><strong>p.</strong></span> <span class='ocrx_word' id='word_1_265' title='bbox 545 2225 577 2273; x_wconf 87' lang='grc'><strong>61</strong></span> <span class='ocrx_word' id='word_1_266' title='bbox 598 2251 631 2259; x_wconf 86' lang='grc'><strong>-·</strong></span> <span class='ocrx_word' id='word_1_267' title='bbox 675 2218 743 2288; x_wconf 89' lang='lat' dir='ltr'><strong>pian</strong></span> <span class='ocrx_word' id='word_1_268' title='bbox 761 2219 805 2273; x_wconf 85' lang='lat' dir='ltr'><strong>vel</strong></span> <span class='ocrx_word' id='word_1_269' title='bbox 830 2220 924 2288; x_wconf 87' lang='lat' dir='ltr'><strong>potius</strong></span> <span class='ocrx_word' id='word_1_270' title='bbox 947 2218 1061 2288; x_wconf 76' lang='lat' dir='ltr'><strong>Hirpitn</strong></span> <span class='ocrx_word' id='word_1_271' title='bbox 1083 2219 1150 2273; x_wconf 88' lang='lat' dir='ltr'><strong>urbs</strong></span> <span class='ocrx_word' id='word_1_272' title='bbox 1173 2235 1259 2289; x_wconf 89' lang='lat' dir='ltr'><strong>prope</strong></span> <span class='ocrx_word' id='word_1_273' title='bbox 1278 2219 1400 2286; x_wconf 66' lang='lat' dir='ltr'><strong>Kerikar</strong></span> <span class='ocrx_word' id='word_1_274' title='bbox 1418 2220 1604 2290; x_wconf 52' lang='lat' dir='ltr'><strong>(TachArikAA</strong></span> 
     </span>
     <span class='ocr_line' id='line_1_27' title="bbox 301 2289 1605 2359; baseline 0.002 -17"><span class='ocrx_word' id='word_1_275' title='bbox 301 2290 335 2343; x_wconf 86' lang='lat' dir='ltr'><strong>of.</strong></span> <span class='ocrx_word' id='word_1_276' title='bbox 345 2291 440 2345; x_wconf 88' lang='lat' dir='ltr'><strong>Kabul</strong></span> <span class='ocrx_word' id='word_1_277' title='bbox 448 2307 558 2359; x_wconf 84' lang='lat' dir='ltr'><strong>nomen,</strong></span> <span class='ocrx_word' id='word_1_278' title='bbox 575 2291 651 2359; x_wconf 86' lang='lat' dir='ltr'><strong>quod</strong></span> <span class='ocrx_word' id='word_1_279' title='bbox 665 2289 772 2345; x_wconf 82' lang='lat' dir='ltr'><strong>incolas</strong></span> <span class='ocrx_word' id='word_1_280' title='bbox 787 2290 855 2345; x_wconf 90' lang='lat' dir='ltr'><strong>olim</strong></span> <span class='ocrx_word' id='word_1_281' title='bbox 869 2290 956 2345; x_wconf 88' lang='lat' dir='ltr'><strong>etiam</strong></span> <span class='ocrx_word' id='word_1_282' title='bbox 970 2289 1057 2344; x_wconf 89' lang='lat' dir='ltr'><strong>Sabul</strong></span> <span class='ocrx_word' id='word_1_283' title='bbox 1070 2290 1114 2344; x_wconf 89' lang='lat' dir='ltr'><strong>vel</strong></span> <span class='ocrx_word' id='word_1_284' title='bbox 1128 2290 1217 2345; x_wconf 90' lang='lat' dir='ltr'><strong>Zabul</strong></span> <span class='ocrx_word' id='word_1_285' title='bbox 1231 2289 1355 2345; x_wconf 86' lang='lat' dir='ltr'><strong>elocutos</strong></span> <span class='ocrx_word' id='word_1_286' title='bbox 1370 2307 1431 2346; x_wconf 89' lang='lat' dir='ltr'><strong>esse</strong></span> <span class='ocrx_word' id='word_1_287' title='bbox 1445 2291 1488 2347; x_wconf 91' lang='lat' dir='ltr'><strong>Al.</strong></span> <span class='ocrx_word' id='word_1_288' title='bbox 1499 2292 1605 2346; x_wconf 89' lang='lat' dir='ltr'><strong>Burnes</strong></span> 
     </span>
     <span class='ocr_line' id='line_1_28' title="bbox 301 2360 1605 2434; baseline -0.001 -18"><span class='ocrx_word' id='word_1_289' title='bbox 301 2362 383 2416; x_wconf 89' lang='lat' dir='ltr'><strong>testis</strong></span> <span class='ocrx_word' id='word_1_290' title='bbox 402 2365 447 2416; x_wconf 91' lang='lat' dir='ltr'><strong>est</strong></span> <span class='ocrx_word' id='word_1_291' title='bbox 465 2361 577 2433; x_wconf 56' lang='lat' dir='ltr'><strong>[uitas</strong></span> <span class='ocrx_word' id='word_1_292' title='bbox 595 2361 682 2415; x_wconf 89' lang='lat' dir='ltr'><strong>Asien</strong></span> <span class='ocrx_word' id='word_1_293' title='bbox 700 2361 733 2430; x_wconf 89' lang='lat' dir='ltr'><strong>V,</strong></span> <span class='ocrx_word' id='word_1_294' title='bbox 753 2363 833 2434; x_wconf 78' lang='lat'>238])</span> <span class='ocrx_word' id='word_1_295' title='bbox 851 2361 935 2416; x_wconf 91' lang='lat' dir='ltr'><strong>hodie</strong></span> <span class='ocrx_word' id='word_1_296' title='bbox 954 2360 1012 2415; x_wconf 90' lang='lat' dir='ltr'><strong>iam</strong></span> <span class='ocrx_word' id='word_1_297' title='bbox 1030 2363 1109 2416; x_wconf 86' lang='lat' dir='ltr'><strong>extat</strong></span> <span class='ocrx_word' id='word_1_298' title='bbox 1127 2393 1160 2401; x_wconf 94' lang='lat'>-</span> <span class='ocrx_word' id='word_1_299' title='bbox 1179 2361 1300 2431; x_wconf 90' lang='lat' dir='ltr'><strong>primum</strong></span> <span class='ocrx_word' id='word_1_300' title='bbox 1319 2362 1401 2417; x_wconf 88' lang='lat' dir='ltr'><strong>valde</strong></span> <span class='ocrx_word' id='word_1_301' title='bbox 1415 2363 1523 2433; x_wconf 68' lang='lat' dir='ltr'><strong>dubim,</strong></span> <span class='ocrx_word' id='word_1_302' title='bbox 1537 2381 1605 2416; x_wconf 90' lang='lat' dir='ltr'><strong>num</strong></span> 
     </span>
     <span class='ocr_line' id='line_1_29' title="bbox 301 2431 1605 2504; baseline 0 -17"><span class='ocrx_word' id='word_1_303' title='bbox 301 2433 369 2487; x_wconf 91' lang='lat' dir='ltr'><strong>olim</strong></span> <span class='ocrx_word' id='word_1_304' title='bbox 395 2436 487 2488; x_wconf 88' lang='lat' dir='ltr'><strong>totam</strong></span> <span class='ocrx_word' id='word_1_305' title='bbox 513 2433 594 2486; x_wconf 91' lang='lat' dir='ltr'><strong>illam</strong></span> <span class='ocrx_word' id='word_1_306' title='bbox 619 2432 763 2504; x_wconf 79' lang='lat' dir='ltr'><strong>regionem</strong></span> <span class='ocrx_word' id='word_1_307' title='bbox 787 2432 914 2504; x_wconf 89' lang='lat' dir='ltr'><strong>Opianen</strong></span> <span class='ocrx_word' id='word_1_308' title='bbox 940 2431 1050 2487; x_wconf 87' lang='lat' dir='ltr'><strong>incolae</strong></span> <span class='ocrx_word' id='word_1_309' title='bbox 1078 2431 1293 2502; x_wconf 84' lang='lat' dir='ltr'><strong>appellaverint,</strong></span> <span class='ocrx_word' id='word_1_310' title='bbox 1320 2450 1384 2487; x_wconf 89' lang='lat' dir='ltr'><strong>cum</strong></span> <span class='ocrx_word' id='word_1_311' title='bbox 1407 2451 1519 2503; x_wconf 88' lang='lat' dir='ltr'><strong>prorsus</strong></span> <span class='ocrx_word' id='word_1_312' title='bbox 1547 2433 1605 2488; x_wconf 89' lang='lat' dir='ltr'><strong>alia</strong></span> 
     </span>
     <span class='ocr_line' id='line_1_30' title="bbox 300 2501 1605 2576; baseline 0.002 -19"><span class='ocrx_word' id='word_1_313' title='bbox 300 2504 415 2574; x_wconf 79' lang='lat' dir='ltr'><strong>Hripidn</strong></span> <span class='ocrx_word' id='word_1_314' title='bbox 441 2503 519 2559; x_wconf 89' lang='lat' dir='ltr'><strong>urbis</strong></span> <span class='ocrx_word' id='word_1_315' title='bbox 547 2503 629 2558; x_wconf 90' lang='lat' dir='ltr'><strong>radix</strong></span> <span class='ocrx_word' id='word_1_316' title='bbox 655 2503 752 2558; x_wconf 89' lang='lat' dir='ltr'><strong>indica</strong></span> <span class='ocrx_word' id='word_1_317' title='bbox 778 2504 908 2558; x_wconf 86' lang='lat' dir='ltr'><strong>videatur</strong></span> <span class='ocrx_word' id='word_1_318' title='bbox 935 2519 1008 2571; x_wconf 73' lang='lat' dir='ltr'><strong>esse:</strong></span> <span class='ocrx_word' id='word_1_319' title='bbox 1035 2503 1093 2557; x_wconf 92' lang='lat' dir='ltr'><strong>iam</strong></span> <span class='ocrx_word' id='word_1_320' title='bbox 1120 2504 1257 2574; x_wconf 86' lang='lat' dir='ltr'><strong>Stephani</strong></span> <span class='ocrx_word' id='word_1_321' title='bbox 1284 2504 1484 2560; x_wconf 86' lang='lat' dir='ltr'><strong>Alexandriam</strong></span> <span class='ocrx_word' id='word_1_322' title='bbox 1513 2501 1544 2560; x_wconf 80' lang='grc' dir='ltr'><strong><em>ἐν</em></strong></span> <span class='ocrx_word' id='word_1_323' title='bbox 1571 2513 1605 2576; x_wconf 80' lang='grc' dir='ltr'><strong>τῇ</strong></span> 
     </span>
     <span class='ocr_line' id='line_1_31' title="bbox 298 2574 1605 2647; baseline -0.002 -17"><span class='ocrx_word' id='word_1_324' title='bbox 298 2575 417 2647; x_wconf 77' lang='grc' dir='ltr'><strong><em>Ὀπιοινῇ</em></strong></span> <span class='ocrx_word' id='word_1_325' title='bbox 437 2575 524 2630; x_wconf 91' lang='lat' dir='ltr'><strong>aliam</strong></span> <span class='ocrx_word' id='word_1_326' title='bbox 542 2575 654 2630; x_wconf 89' lang='lat' dir='ltr'><strong>omnino</strong></span> <span class='ocrx_word' id='word_1_327' title='bbox 674 2591 734 2629; x_wconf 92' lang='lat' dir='ltr'><strong>esse</strong></span> <span class='ocrx_word' id='word_1_328' title='bbox 751 2574 782 2628; x_wconf 92' lang='lat' dir='ltr'><strong>in</strong></span> <span class='ocrx_word' id='word_1_329' title='bbox 799 2576 893 2644; x_wconf 79' lang='lat' dir='ltr'><strong>india,</strong></span> <span class='ocrx_word' id='word_1_330' title='bbox 912 2574 1016 2629; x_wconf 88' lang='lat' dir='ltr'><strong>nonin</strong></span> <span class='ocrx_word' id='word_1_331' title='bbox 1041 2574 1258 2645; x_wconf 87' lang='lat' dir='ltr'><strong>Paropanisadis</strong></span> <span class='ocrx_word' id='word_1_332' title='bbox 1285 2575 1378 2644; x_wconf 89' lang='lat' dir='ltr'><strong>sitam,</strong></span> <span class='ocrx_word' id='word_1_333' title='bbox 1396 2579 1472 2631; x_wconf 88' lang='lat' dir='ltr'><strong>recte</strong></span> <span class='ocrx_word' id='word_1_334' title='bbox 1491 2579 1605 2631; x_wconf 87' lang='lat' dir='ltr'><strong>conten-</strong></span> 
     </span>
     <span class='ocr_line' id='line_1_32' title="bbox 302 2645 1604 2718; baseline 0 -17"><span class='ocrx_word' id='word_1_335' title='bbox 302 2647 402 2701; x_wconf 87' lang='lat' dir='ltr'><strong>derant</strong></span> <span class='ocrx_word' id='word_1_336' title='bbox 419 2647 546 2717; x_wconf 85' lang='lat' dir='ltr'><strong>Droysen</strong></span> <span class='ocrx_word' id='word_1_337' title='bbox 564 2647 598 2716; x_wconf 74' lang='grc' dir='ltr'><strong>Π,</strong></span> <span class='ocrx_word' id='word_1_338' title='bbox 617 2652 669 2700; x_wconf 88' lang='grc'><strong>189</strong></span> <span class='ocrx_word' id='word_1_339' title='bbox 689 2663 712 2700; x_wconf 90' lang='lat' dir='ltr'><strong>a.</strong></span> <span class='ocrx_word' id='word_1_340' title='bbox 733 2653 749 2700; x_wconf 87' lang='grc'>3</span> <span class='ocrx_word' id='word_1_341' title='bbox 769 2648 798 2701; x_wconf 91' lang='lat' dir='ltr'><strong>et</strong></span> <span class='ocrx_word' id='word_1_342' title='bbox 814 2647 919 2702; x_wconf 85' lang='lat' dir='ltr'><strong>Lassen</strong></span> <span class='ocrx_word' id='word_1_343' title='bbox 937 2647 963 2699; x_wconf 89' lang='lat' dir='ltr'>H</span> <span class='ocrx_word' id='word_1_344' title='bbox 980 2665 1008 2716; x_wconf 93' lang='lat' dir='ltr'><strong>p.</strong></span> <span class='ocrx_word' id='word_1_345' title='bbox 1028 2652 1092 2714; x_wconf 72' lang='lat'><strong>282:</strong></span> <span class='ocrx_word' id='word_1_346' title='bbox 1112 2646 1233 2715; x_wconf 89' lang='lat' dir='ltr'><strong>denique</strong></span> <span class='ocrx_word' id='word_1_347' title='bbox 1250 2645 1337 2701; x_wconf 89' lang='lat' dir='ltr'><strong>Plinii</strong></span> <span class='ocrx_word' id='word_1_348' title='bbox 1355 2648 1389 2702; x_wconf 86' lang='lat' dir='ltr'><strong>N.</strong></span> <span class='ocrx_word' id='word_1_349' title='bbox 1408 2648 1442 2702; x_wconf 93' lang='lat' dir='ltr'><strong>H.</strong></span> <span class='ocrx_word' id='word_1_350' title='bbox 1462 2647 1508 2718; x_wconf 73' lang='lat' dir='ltr'><strong>VI,</strong></span> <span class='ocrx_word' id='word_1_351' title='bbox 1528 2665 1550 2702; x_wconf 94' lang='lat' dir='ltr'><strong>c.</strong></span> <span class='ocrx_word' id='word_1_352' title='bbox 1571 2653 1604 2701; x_wconf 77' lang='lat'><strong>17</strong></span> 
     </span>
     <span class='ocr_line' id='line_1_33' title="bbox 300 2717 1606 2788; baseline 0 -16"><span class='ocrx_word' id='word_1_353' title='bbox 300 2717 493 2773; x_wconf 88' lang='lat' dir='ltr'><strong>Alexandri</strong></span> <span class='ocrx_word' id='word_1_354' title='bbox 518 2717 678 2788; x_wconf 89' lang='lat' dir='ltr'><strong>oppidum</strong></span> <span class='ocrx_word' id='word_1_355' title='bbox 703 2720 778 2772; x_wconf 89' lang='lat' dir='ltr'><strong>certe</strong></span> <span class='ocrx_word' id='word_1_356' title='bbox 802 2735 859 2773; x_wconf 90' lang='lat' dir='ltr'><strong>non</strong></span> <span class='ocrx_word' id='word_1_357' title='bbox 883 2719 955 2772; x_wconf 91' lang='lat' dir='ltr'><strong>bene</strong></span> <span class='ocrx_word' id='word_1_358' title='bbox 981 2719 1100 2772; x_wconf 89' lang='lat' dir='ltr'><strong>mutavit</strong></span> <span class='ocrx_word' id='word_1_359' title='bbox 1126 2717 1321 2788; x_wconf 86' lang='lat' dir='ltr'><strong>Cunningham</strong></span> <span class='ocrx_word' id='word_1_360' title='bbox 1345 2719 1376 2772; x_wconf 93' lang='lat' dir='ltr'><strong>in</strong></span> <span class='ocrx_word' id='word_1_361' title='bbox 1393 2718 1606 2773; x_wconf 88' lang='lat' dir='ltr'><strong>Alexandria</strong></span> 
     </span>
     <span class='ocr_line' id='line_1_34' title="bbox 302 2787 1606 2871; baseline 0 -27"><span class='ocrx_word' id='word_1_362' title='bbox 302 2789 460 2859; x_wconf 86' lang='lat' dir='ltr'><strong>Opianes.</strong></span> <span class='ocrx_word' id='word_1_363' title='bbox 498 2788 594 2870; x_wconf 65' lang='lat' dir='ltr'><strong>(Plinii</strong></span> <span class='ocrx_word' id='word_1_364' title='bbox 606 2788 760 2843; x_wconf 86' lang='lat' dir='ltr'><strong>Alexandri</strong></span> <span class='ocrx_word' id='word_1_365' title='bbox 774 2789 909 2859; x_wconf 89' lang='lat' dir='ltr'><strong>oppidum</strong></span> <span class='ocrx_word' id='word_1_366' title='bbox 923 2788 1029 2843; x_wconf 84' lang='lat' dir='ltr'><strong>Graece</strong></span> <span class='ocrx_word' id='word_1_367' title='bbox 1043 2792 1087 2844; x_wconf 86' lang='lat' dir='ltr'><strong>est</strong></span> <span class='ocrx_word' id='word_1_368' title='bbox 1098 2787 1275 2859; x_wconf 74' lang='grc' dir='ltr'><strong><em>Ἀλεξάνδρου</em></strong></span> <span class='ocrx_word' id='word_1_369' title='bbox 1290 2789 1381 2859; x_wconf 57' lang='lat' dir='ltr'><strong>adim</strong></span> <span class='ocrx_word' id='word_1_370' title='bbox 1403 2789 1606 2871; x_wconf 89' lang='lat' dir='ltr'><strong>distinguenda</strong></span> 
     </span>
     <span class='ocr_line' id='line_1_35' title="bbox 302 2859 1606 2930; baseline 0 -16"><span class='ocrx_word' id='word_1_371' title='bbox 302 2864 397 2915; x_wconf 89' lang='lat' dir='ltr'><strong>autem</strong></span> <span class='ocrx_word' id='word_1_372' title='bbox 414 2877 526 2930; x_wconf 82' lang='lat' dir='ltr'><strong>proprie</strong></span> <span class='ocrx_word' id='word_1_373' title='bbox 537 2859 727 2930; x_wconf 77' lang='grc' dir='ltr'><strong><em>Ἀλεξάνδρεια</em></strong></span> <span class='ocrx_word' id='word_1_374' title='bbox 742 2862 771 2914; x_wconf 89' lang='lat' dir='ltr'><strong>et</strong></span> <span class='ocrx_word' id='word_1_375' title='bbox 780 2859 961 2929; x_wconf 79' lang='grc' dir='ltr'><strong><em>Ἀλεξάνδρου</em></strong></span> <span class='ocrx_word' id='word_1_376' title='bbox 975 2860 1054 2923; x_wconf 85' lang='grc' dir='ltr'><strong><em>πόλις</em></strong></span> <span class='ocrx_word' id='word_1_377' title='bbox 1067 2860 1113 2914; x_wconf 88' lang='lat' dir='ltr'><strong>vel</strong></span> <span class='ocrx_word' id='word_1_378' title='bbox 1123 2859 1377 2930; x_wconf 78' lang='grc' dir='ltr'><strong><em>Ἀλτξανδρόπολις,</em></strong></span> <span class='ocrx_word' id='word_1_379' title='bbox 1391 2861 1454 2915; x_wconf 91' lang='lat' dir='ltr'><strong>vide</strong></span> <span class='ocrx_word' id='word_1_380' title='bbox 1467 2862 1606 2915; x_wconf 88' lang='lat' dir='ltr'><strong>Isrdorum</strong></span> 
     </span>
     <span class='ocr_line' id='line_1_36' title="bbox 300 2930 1606 3004; baseline 0.001 -19"><span class='ocrx_word' id='word_1_381' title='bbox 300 2931 331 2985; x_wconf 93' lang='lat' dir='ltr'><strong>in</strong></span> <span class='ocrx_word' id='word_1_382' title='bbox 349 2935 495 3002; x_wconf 69' lang='grc' dir='ltr'><strong><em>Σταθμοῖς</em></strong></span> <span class='ocrx_word' id='word_1_383' title='bbox 512 2931 652 2986; x_wconf 87' lang='lat' dir='ltr'><strong>Parthicis</strong></span> <span class='ocrx_word' id='word_1_384' title='bbox 671 2931 706 2985; x_wconf 90' lang='lat' dir='ltr'><strong>de</strong></span> <span class='ocrx_word' id='word_1_385' title='bbox 725 2931 924 2987; x_wconf 82' lang='lat' dir='ltr'><strong>Sacastacene:</strong></span> <span class='ocrx_word' id='word_1_386' title='bbox 946 2930 1019 2986; x_wconf 71' lang='grc' dir='ltr'><strong><em>ἔνθα</em></strong></span> <span class='ocrx_word' id='word_1_387' title='bbox 1035 2934 1160 3004; x_wconf 81' lang='grc' dir='ltr'><strong><em>βασίλεια</em></strong></span> <span class='ocrx_word' id='word_1_388' title='bbox 1174 2932 1277 2985; x_wconf 84' lang='grc' dir='ltr'><strong><em>Σάκαν</em></strong></span> <span class='ocrx_word' id='word_1_389' title='bbox 1291 2932 1340 2985; x_wconf 85' lang='grc' dir='ltr'><strong>καλ</strong></span> <span class='ocrx_word' id='word_1_390' title='bbox 1353 2935 1471 3002; x_wconf 78' lang='grc' dir='ltr'><strong><em>πλησίον</em></strong></span> <span class='ocrx_word' id='word_1_391' title='bbox 1482 2930 1606 2999; x_wconf 80' lang='grc' dir='ltr'><strong><em>Ἀλεξάν-</em></strong></span> 
     </span>
     <span class='ocr_line' id='line_1_37' title="bbox 301 3000 1605 3072; baseline 0.001 -15"><span class='ocrx_word' id='word_1_392' title='bbox 301 3005 382 3072; x_wconf 78' lang='grc' dir='ltr'><strong><em>δρτια</em></strong></span> <span class='ocrx_word' id='word_1_393' title='bbox 407 3004 499 3071; x_wconf 85' lang='grc' dir='ltr'><strong><em>πόλις,</em></strong></span> <span class='ocrx_word' id='word_1_394' title='bbox 525 3003 573 3057; x_wconf 84' lang='grc' dir='ltr'><strong>καλ</strong></span> <span class='ocrx_word' id='word_1_395' title='bbox 596 3005 712 3072; x_wconf 75' lang='grc' dir='ltr'><strong><em>πλησίον</em></strong></span> <span class='ocrx_word' id='word_1_396' title='bbox 727 3000 968 3072; x_wconf 78' lang='grc' dir='ltr'><strong><em>Ἀλεξάνδρόπολις</em></strong></span> <span class='ocrx_word' id='word_1_397' title='bbox 989 3002 1076 3067; x_wconf 87' lang='grc' dir='ltr'><strong><em>πόλις.</em></strong></span> <span class='ocrx_word' id='word_1_398' title='bbox 1121 3002 1197 3056; x_wconf 89' lang='lat' dir='ltr'><strong>idem</strong></span> <span class='ocrx_word' id='word_1_399' title='bbox 1225 3004 1259 3056; x_wconf 92' lang='lat' dir='ltr'><strong>de</strong></span> <span class='ocrx_word' id='word_1_400' title='bbox 1286 3003 1447 3058; x_wconf 84' lang='lat' dir='ltr'><strong>Arachosiis</strong></span> <span class='ocrx_word' id='word_1_401' title='bbox 1475 3003 1605 3072; x_wconf 90' lang='lat' dir='ltr'><strong>quidem:</strong></span> 
     </span>
     <span class='ocr_line' id='line_1_38' title="bbox 302 3071 1605 3144; baseline -0.002 -14"><span class='ocrx_word' id='word_1_402' title='bbox 302 3073 362 3130; x_wconf 81' lang='grc' dir='ltr'><strong><em>εἶτα</em></strong></span> <span class='ocrx_word' id='word_1_403' title='bbox 384 3071 625 3143; x_wconf 77' lang='grc' dir='ltr'><strong><em>Ἀλεξανδρόπολις</em></strong></span> <span class='ocrx_word' id='word_1_404' title='bbox 647 3073 814 3144; x_wconf 84' lang='grc' dir='ltr'><strong><em>μητρόπολις</em></strong></span> <span class='ocrx_word' id='word_1_405' title='bbox 836 3083 885 3144; x_wconf 76' lang='grc' dir='ltr'><strong>τῆς</strong></span> <span class='ocrx_word' id='word_1_406' title='bbox 905 3073 1079 3144; x_wconf 78' lang='grc' dir='ltr'><strong><em>Ἀραχωσίας,</em></strong></span> <span class='ocrx_word' id='word_1_407' title='bbox 1105 3089 1177 3143; x_wconf 87' lang='lat' dir='ltr'><strong>quae</strong></span> <span class='ocrx_word' id='word_1_408' title='bbox 1197 3074 1233 3128; x_wconf 87' lang='lat' dir='ltr'><strong>ab</strong></span> <span class='ocrx_word' id='word_1_409' title='bbox 1257 3073 1321 3128; x_wconf 91' lang='lat' dir='ltr'><strong>aliis</strong></span> <span class='ocrx_word' id='word_1_410' title='bbox 1341 3074 1533 3144; x_wconf 80' lang='grc' dir='ltr'><strong><em>Ἀλεξάνδρεια</em></strong></span> <span class='ocrx_word' id='word_1_411' title='bbox 1555 3091 1605 3128; x_wconf 92' lang='lat' dir='ltr'><strong>no-</strong></span> 
     </span>
     <span class='ocr_line' id='line_1_39' title="bbox 300 3143 1606 3216; baseline 0.001 -18"><span class='ocrx_word' id='word_1_412' title='bbox 300 3145 431 3200; x_wconf 86' lang='lat' dir='ltr'><strong>minatur.</strong></span> <span class='ocrx_word' id='word_1_413' title='bbox 469 3144 599 3199; x_wconf 85' lang='lat' dir='ltr'><strong>videntur</strong></span> <span class='ocrx_word' id='word_1_414' title='bbox 617 3161 667 3200; x_wconf 90' lang='lat' dir='ltr'><strong>eae</strong></span> <span class='ocrx_word' id='word_1_415' title='bbox 686 3145 768 3200; x_wconf 86' lang='lat' dir='ltr'><strong>urbes</strong></span> <span class='ocrx_word' id='word_1_416' title='bbox 787 3162 860 3215; x_wconf 87' lang='lat' dir='ltr'><strong>quae</strong></span> <span class='ocrx_word' id='word_1_417' title='bbox 878 3148 978 3215; x_wconf 88' lang='lat' dir='ltr'><strong>postea</strong></span> <span class='ocrx_word' id='word_1_418' title='bbox 993 3143 1171 3214; x_wconf 80' lang='grc' dir='ltr'><strong><em>Ἀλεξάνδρου</em></strong></span> <span class='ocrx_word' id='word_1_419' title='bbox 1187 3147 1282 3208; x_wconf 83' lang='grc' dir='ltr'><strong><em>πόλεις</em></strong></span> <span class='ocrx_word' id='word_1_420' title='bbox 1295 3145 1339 3200; x_wconf 84' lang='lat' dir='ltr'><strong>vel</strong></span> <span class='ocrx_word' id='word_1_421' title='bbox 1351 3144 1606 3216; x_wconf 77' lang='grc' dir='ltr'><strong><em>Ἀλεξανδροκόλεις</em></strong></span> 
     </span>
     <span class='ocr_line' id='line_1_40' title="bbox 297 3215 1605 3354; baseline 0.001 -14"><span class='ocrx_word' id='word_1_422' title='bbox 297 3215 792 3342; x_wconf 63' lang='lat' dir='ltr'><strong>:auresaures</strong></span> <span class='ocrx_word' id='word_1_423' title='bbox 803 3217 1130 3354; x_wconf 38' lang='lat' dir='ltr'><strong>assistatur?</strong></span> <span class='ocrx_word' id='word_1_424' title='bbox 1147 3215 1514 3343; x_wconf 53' lang='lat' dir='ltr'><strong>dissuasurus</strong></span> <span class='ocrx_word' id='word_1_425' title='bbox 1530 3233 1605 3342; x_wconf 57' lang='grc' dir='ltr'><strong>ολδ</strong></span> 
     </span>
     <span class='ocr_line' id='line_1_41' title="bbox 300 3306 1676 3429; baseline 0 -17"><span class='ocrx_word' id='word_1_426' title='bbox 300 3359 396 3429; x_wconf 88' lang='lat' dir='ltr'><strong>plures</strong></span> <span class='ocrx_word' id='word_1_427' title='bbox 414 3359 497 3413; x_wconf 85' lang='lat' dir='ltr'><strong>urbes</strong></span> <span class='ocrx_word' id='word_1_428' title='bbox 516 3358 546 3412; x_wconf 93' lang='lat' dir='ltr'><strong>in</strong></span> <span class='ocrx_word' id='word_1_429' title='bbox 564 3306 781 3428; x_wconf 63' lang='lat' dir='ltr'><strong>Paropa’nisadis</strong></span> <span class='ocrx_word' id='word_1_430' title='bbox 800 3359 874 3414; x_wconf 88' lang='lat' dir='ltr'><strong>inter</strong></span> <span class='ocrx_word' id='word_1_431' title='bbox 892 3359 1048 3414; x_wconf 85' lang='lat' dir='ltr'><strong>Caucasum</strong></span> <span class='ocrx_word' id='word_1_432' title='bbox 1060 3309 1095 3413; x_wconf 59' lang='lat' dir='ltr'><strong>t:rt</strong></span> <span class='ocrx_word' id='word_1_433' title='bbox 1112 3357 1271 3428; x_wconf 88' lang='lat' dir='ltr'><strong>Cophenem</strong></span> <span class='ocrx_word' id='word_1_434' title='bbox 1296 3359 1332 3413; x_wconf 91' lang='lat' dir='ltr'><strong>ab</strong></span> <span class='ocrx_word' id='word_1_435' title='bbox 1355 3360 1514 3415; x_wconf 90' lang='lat' dir='ltr'><strong>Alexandro</strong></span> <span class='ocrx_word' id='word_1_436' title='bbox 1540 3376 1605 3414; x_wconf 91' lang='lat' dir='ltr'><strong>con·</strong></span> <span class='ocrx_word' id='word_1_437' title='bbox 1666 3413 1676 3426; x_wconf 76' lang='grc'><strong>,</strong></span> 
     </span>
     <span class='ocr_line' id='line_1_42' title="bbox 302 3429 1605 3500; baseline 0.001 -17"><span class='ocrx_word' id='word_1_438' title='bbox 302 3430 378 3485; x_wconf 90' lang='lat' dir='ltr'><strong>ditas</strong></span> <span class='ocrx_word' id='word_1_439' title='bbox 397 3446 458 3484; x_wconf 87' lang='lat' dir='ltr'><strong>esse</strong></span> <span class='ocrx_word' id='word_1_440' title='bbox 476 3429 616 3484; x_wconf 87' lang='lat' dir='ltr'><strong>Diodorus</strong></span> <span class='ocrx_word' id='word_1_441' title='bbox 633 3430 716 3484; x_wconf 88' lang='lat' dir='ltr'><strong>testis</strong></span> <span class='ocrx_word' id='word_1_442' title='bbox 735 3434 785 3485; x_wconf 91' lang='lat' dir='ltr'><strong>est.</strong></span> <span class='ocrx_word' id='word_1_443' title='bbox 827 3430 962 3485; x_wconf 85' lang='lat' dir='ltr'><strong>Poterant</strong></span> <span class='ocrx_word' id='word_1_444' title='bbox 982 3433 1081 3500; x_wconf 90' lang='lat' dir='ltr'><strong>postea</strong></span> <span class='ocrx_word' id='word_1_445' title='bbox 1103 3433 1133 3484; x_wconf 90' lang='lat' dir='ltr'><strong>et</strong></span> <span class='ocrx_word' id='word_1_446' title='bbox 1154 3429 1292 3500; x_wconf 81' lang='lat' dir='ltr'><strong>distingui</strong></span> <span class='ocrx_word' id='word_1_447' title='bbox 1314 3433 1344 3484; x_wconf 87' lang='lat' dir='ltr'><strong>et</strong></span> <span class='ocrx_word' id='word_1_448' title='bbox 1366 3431 1499 3485; x_wconf 88' lang='lat' dir='ltr'><strong>confundi</strong></span> <span class='ocrx_word' id='word_1_449' title='bbox 1522 3431 1605 3484; x_wconf 86' lang='lat' dir='ltr'><strong>urbes</strong></span> 
     </span>
     <span class='ocr_line' id='line_1_43' title="bbox 299 3499 1605 3572; baseline -0.002 -16"><span class='ocrx_word' id='word_1_450' title='bbox 299 3499 502 3570; x_wconf 77' lang='grc' dir='ltr'><strong><em>Ἀλεξάνδρειαι</em></strong></span> <span class='ocrx_word' id='word_1_451' title='bbox 527 3504 556 3555; x_wconf 90' lang='lat' dir='ltr'><strong>et</strong></span> <span class='ocrx_word' id='word_1_452' title='bbox 575 3501 755 3572; x_wconf 77' lang='grc' dir='ltr'><strong><em>Ἀλεξάνδρου</em></strong></span> <span class='ocrx_word' id='word_1_453' title='bbox 778 3499 879 3568; x_wconf 80' lang='grc' dir='ltr'><strong><em>πόλεις,</em></strong></span> <span class='ocrx_word' id='word_1_454' title='bbox 905 3502 955 3556; x_wconf 85' lang='lat' dir='ltr'><strong>sed</strong></span> <span class='ocrx_word' id='word_1_455' title='bbox 977 3505 1045 3571; x_wconf 87' lang='lat' dir='ltr'><strong>puto</strong></span> <span class='ocrx_word' id='word_1_456' title='bbox 1069 3500 1224 3555; x_wconf 89' lang='lat' dir='ltr'><strong>Alexandri</strong></span> <span class='ocrx_word' id='word_1_457' title='bbox 1249 3501 1384 3572; x_wconf 91' lang='lat' dir='ltr'><strong>oppidum</strong></span> <span class='ocrx_word' id='word_1_458' title='bbox 1408 3501 1493 3555; x_wconf 93' lang='lat' dir='ltr'><strong>Plinii</strong></span> <span class='ocrx_word' id='word_1_459' title='bbox 1518 3501 1605 3555; x_wconf 88' lang='lat' dir='ltr'><strong>fuisse</strong></span> 
     </span>
     <span class='ocr_line' id='line_1_44' title="bbox 302 3571 1604 3643; baseline -0.001 -17"><span class='ocrx_word' id='word_1_460' title='bbox 302 3571 503 3627; x_wconf 83' lang='lat' dir='ltr'><strong>Alexandriam</strong></span> <span class='ocrx_word' id='word_1_461' title='bbox 522 3573 574 3626; x_wconf 92' lang='lat' dir='ltr'><strong>sub</strong></span> <span class='ocrx_word' id='word_1_462' title='bbox 593 3572 737 3643; x_wconf 90' lang='lat' dir='ltr'><strong>Caucaso.)</strong></span> <span class='ocrx_word' id='word_1_463' title='bbox 772 3573 826 3627; x_wconf 90' lang='lat' dir='ltr'><strong>hoc</strong></span> <span class='ocrx_word' id='word_1_464' title='bbox 845 3576 940 3627; x_wconf 88' lang='lat' dir='ltr'><strong>tamen</strong></span> <span class='ocrx_word' id='word_1_465' title='bbox 959 3572 1025 3628; x_wconf 88' lang='lat' dir='ltr'><strong>licet</strong></span> <span class='ocrx_word' id='word_1_466' title='bbox 1044 3573 1183 3627; x_wconf 86' lang='lat' dir='ltr'><strong>affirmare</strong></span> <span class='ocrx_word' id='word_1_467' title='bbox 1206 3572 1236 3625; x_wconf 92' lang='lat' dir='ltr'><strong>in</strong></span> <span class='ocrx_word' id='word_1_468' title='bbox 1259 3575 1339 3643; x_wconf 85' lang='lat' dir='ltr'><strong>parte</strong></span> <span class='ocrx_word' id='word_1_469' title='bbox 1358 3573 1476 3628; x_wconf 88' lang='lat' dir='ltr'><strong>Caucasi</strong></span> <span class='ocrx_word' id='word_1_470' title='bbox 1500 3573 1604 3628; x_wconf 86' lang='lat' dir='ltr'><strong>montis</strong></span> 
     </span>
     <span class='ocr_line' id='line_1_45' title="bbox 300 3643 1605 3712; baseline 0 -15"><span class='ocrx_word' id='word_1_471' title='bbox 300 3643 480 3698; x_wconf 89' lang='lat' dir='ltr'><strong>meridionali</strong></span> <span class='ocrx_word' id='word_1_472' title='bbox 487 3643 689 3698; x_wconf 89' lang='lat' dir='ltr'><strong>Alexandriam</strong></span> <span class='ocrx_word' id='word_1_473' title='bbox 696 3643 839 3699; x_wconf 90' lang='lat' dir='ltr'><strong>conditam</strong></span> <span class='ocrx_word' id='word_1_474' title='bbox 846 3644 933 3698; x_wconf 89' lang='lat' dir='ltr'><strong>fuisse</strong></span> <span class='ocrx_word' id='word_1_475' title='bbox 941 3646 1025 3712; x_wconf 89' lang='lat' dir='ltr'><strong>atque</strong></span> <span class='ocrx_word' id='word_1_476' title='bbox 1034 3660 1125 3699; x_wconf 90' lang='lat' dir='ltr'><strong>errare</strong></span> <span class='ocrx_word' id='word_1_477' title='bbox 1133 3643 1163 3697; x_wconf 93' lang='lat' dir='ltr'><strong>in</strong></span> <span class='ocrx_word' id='word_1_478' title='bbox 1177 3644 1230 3698; x_wconf 92' lang='lat' dir='ltr'><strong>hac</strong></span> <span class='ocrx_word' id='word_1_479' title='bbox 1240 3643 1354 3712; x_wconf 88' lang='lat' dir='ltr'><strong>quidem</strong></span> <span class='ocrx_word' id='word_1_480' title='bbox 1368 3661 1398 3698; x_wconf 89' lang='lat' dir='ltr'><strong>re</strong></span> <span class='ocrx_word' id='word_1_481' title='bbox 1408 3644 1563 3699; x_wconf 88' lang='lat' dir='ltr'><strong>Diodorum</strong></span> <span class='ocrx_word' id='word_1_482' title='bbox 1575 3647 1605 3697; x_wconf 91' lang='lat' dir='ltr'><strong>et</strong></span> 
     </span>
     <span class='ocr_line' id='line_1_46' title="bbox 302 3714 1604 3786; baseline -0.002 -16"><span class='ocrx_word' id='word_1_483' title='bbox 302 3714 435 3770; x_wconf 83' lang='lat' dir='ltr'><strong>Curtium.</strong></span> <span class='ocrx_word' id='word_1_484' title='bbox 473 3715 522 3770; x_wconf 89' lang='lat' dir='ltr'><strong>sed</strong></span> <span class='ocrx_word' id='word_1_485' title='bbox 540 3715 657 3769; x_wconf 91' lang='lat' dir='ltr'><strong>ubinam</strong></span> <span class='ocrx_word' id='word_1_486' title='bbox 675 3715 791 3770; x_wconf 89' lang='lat' dir='ltr'><strong>condita</strong></span> <span class='ocrx_word' id='word_1_487' title='bbox 809 3719 869 3771; x_wconf 80' lang='lat' dir='ltr'><strong>est?</strong></span> <span class='ocrx_word' id='word_1_488' title='bbox 912 3732 997 3784; x_wconf 89' lang='lat' dir='ltr'><strong>quam</strong></span> <span class='ocrx_word' id='word_1_489' title='bbox 1020 3714 1213 3784; x_wconf 88' lang='lat' dir='ltr'><strong>quaestionem</strong></span> <span class='ocrx_word' id='word_1_490' title='bbox 1235 3719 1268 3770; x_wconf 88' lang='lat' dir='ltr'><strong>ut</strong></span> <span class='ocrx_word' id='word_1_491' title='bbox 1292 3715 1431 3770; x_wconf 89' lang='lat' dir='ltr'><strong>solvamus</strong></span> <span class='ocrx_word' id='word_1_492' title='bbox 1454 3716 1531 3786; x_wconf 89' lang='lat' dir='ltr'><strong>prius</strong></span> <span class='ocrx_word' id='word_1_493' title='bbox 1554 3715 1604 3768; x_wconf 92' lang='lat' dir='ltr'><strong>ubi</strong></span> 
     </span>
     <span class='ocr_line' id='line_1_47' title="bbox 301 3785 1604 3858; baseline -0.001 -17"><span class='ocrx_word' id='word_1_494' title='bbox 301 3789 382 3841; x_wconf 85' lang='lat' dir='ltr'><strong>vetus</strong></span> <span class='ocrx_word' id='word_1_495' title='bbox 401 3786 467 3841; x_wconf 91' lang='lat' dir='ltr'><strong>urbs</strong></span> <span class='ocrx_word' id='word_1_496' title='bbox 487 3785 646 3856; x_wconf 88' lang='lat' dir='ltr'><strong>Ortospana</strong></span> <span class='ocrx_word' id='word_1_497' title='bbox 664 3786 720 3841; x_wconf 88' lang='lat' dir='ltr'><strong>sita</strong></span> <span class='ocrx_word' id='word_1_498' title='bbox 737 3786 822 3841; x_wconf 85' lang='lat' dir='ltr'><strong>fuerit</strong></span> <span class='ocrx_word' id='word_1_499' title='bbox 840 3787 1049 3858; x_wconf 88' lang='lat' dir='ltr'><strong>investigemus.</strong></span> <span class='ocrx_word' id='word_1_500' title='bbox 1085 3804 1152 3840; x_wconf 88' lang='lat' dir='ltr'><strong>nam</strong></span> <span class='ocrx_word' id='word_1_501' title='bbox 1170 3785 1376 3857; x_wconf 87' lang='lat' dir='ltr'><strong>quinquaginta</strong></span> <span class='ocrx_word' id='word_1_502' title='bbox 1389 3787 1456 3842; x_wconf 90' lang='lat' dir='ltr'><strong>inde</strong></span> <span class='ocrx_word' id='word_1_503' title='bbox 1469 3804 1604 3857; x_wconf 88' lang='lat' dir='ltr'><strong>passuum</strong></span> 
     </span>
     <span class='ocr_line' id='line_1_48' title="bbox 301 3857 1603 3929; baseline -0.001 -18"><span class='ocrx_word' id='word_1_504' title='bbox 301 3857 393 3912; x_wconf 91' lang='lat' dir='ltr'><strong>millia</strong></span> <span class='ocrx_word' id='word_1_505' title='bbox 416 3857 588 3912; x_wconf 87' lang='lat' dir='ltr'><strong>Alexandria</strong></span> <span class='ocrx_word' id='word_1_506' title='bbox 612 3857 761 3913; x_wconf 84' lang='lat' dir='ltr'><strong>aedificata</strong></span> <span class='ocrx_word' id='word_1_507' title='bbox 784 3861 857 3927; x_wconf 85' lang='lat' dir='ltr'><strong>erat,</strong></span> <span class='ocrx_word' id='word_1_508' title='bbox 882 3857 915 3912; x_wconf 86' lang='lat' dir='ltr'><strong>cf.</strong></span> <span class='ocrx_word' id='word_1_509' title='bbox 939 3857 1011 3912; x_wconf 86' lang='lat' dir='ltr'><strong>Plin.</strong></span> <span class='ocrx_word' id='word_1_510' title='bbox 1034 3858 1068 3912; x_wconf 88' lang='lat' dir='ltr'><strong>N.</strong></span> <span class='ocrx_word' id='word_1_511' title='bbox 1087 3858 1122 3912; x_wconf 88' lang='lat' dir='ltr'><strong>H.</strong></span> <span class='ocrx_word' id='word_1_512' title='bbox 1145 3857 1192 3924; x_wconf 82' lang='lat' dir='ltr'><strong>Vr,</strong></span> <span class='ocrx_word' id='word_1_513' title='bbox 1211 3864 1243 3911; x_wconf 80' lang='lat'><strong>21</strong></span> <span class='ocrx_word' id='word_1_514' title='bbox 1268 3857 1348 3912; x_wconf 91' lang='lat' dir='ltr'><strong>inde</strong></span> <span class='ocrx_word' id='word_1_515' title='bbox 1374 3857 1603 3929; x_wconf 90' lang='lat' dir='ltr'><strong>Ortospanum</strong></span> 
     </span>
     <span class='ocr_line' id='line_1_49' title="bbox 302 3927 1603 4000; baseline -0.001 -17"><span class='ocrx_word' id='word_1_516' title='bbox 302 3927 366 3984; x_wconf 87' lang='lat' dir='ltr'><strong>CCL</strong></span> <span class='ocrx_word' id='word_1_517' title='bbox 384 3930 427 3997; x_wconf 81' lang='lat' dir='ltr'><strong>M,</strong></span> <span class='ocrx_word' id='word_1_518' title='bbox 450 3929 529 3983; x_wconf 90' lang='lat' dir='ltr'><strong>inde</strong></span> <span class='ocrx_word' id='word_1_519' title='bbox 554 3929 743 3983; x_wconf 88' lang='lat' dir='ltr'><strong>Alexandri</strong></span> <span class='ocrx_word' id='word_1_520' title='bbox 762 3929 925 4000; x_wconf 89' lang='lat' dir='ltr'><strong>oppidum</strong></span> <span class='ocrx_word' id='word_1_521' title='bbox 948 3929 969 3983; x_wconf 89' lang='lat' dir='ltr'>L</span> <span class='ocrx_word' id='word_1_522' title='bbox 988 3930 1024 3983; x_wconf 87' lang='grc' dir='ltr'><strong>Μ.</strong></span> <span class='ocrx_word' id='word_1_523' title='bbox 1062 3945 1130 3984; x_wconf 90' lang='lat' dir='ltr'><strong>sane</strong></span> <span class='ocrx_word' id='word_1_524' title='bbox 1155 3928 1246 3983; x_wconf 89' lang='lat' dir='ltr'><strong>varios</strong></span> <span class='ocrx_word' id='word_1_525' title='bbox 1272 3929 1347 3984; x_wconf 87' lang='lat' dir='ltr'><strong>tradi</strong></span> <span class='ocrx_word' id='word_1_526' title='bbox 1372 3947 1501 3996; x_wconf 86' lang='lat' dir='ltr'><strong>numeros</strong></span> <span class='ocrx_word' id='word_1_527' title='bbox 1526 3930 1603 3984; x_wconf 90' lang='lat' dir='ltr'><strong>idem</strong></span> 
     </span>
     <span class='ocr_line' id='line_1_50' title="bbox 302 3999 1603 4070; baseline 0 -16"><span class='ocrx_word' id='word_1_528' title='bbox 302 3999 425 4068; x_wconf 79' lang='lat' dir='ltr'><strong>addidit3</strong></span> <span class='ocrx_word' id='word_1_529' title='bbox 445 3999 542 4054; x_wconf 89' lang='lat' dir='ltr'><strong>sedin</strong></span> <span class='ocrx_word' id='word_1_530' title='bbox 560 3999 720 4054; x_wconf 88' lang='lat' dir='ltr'><strong>universum</strong></span> <span class='ocrx_word' id='word_1_531' title='bbox 742 4004 837 4055; x_wconf 89' lang='lat' dir='ltr'><strong>noster</strong></span> <span class='ocrx_word' id='word_1_532' title='bbox 861 4000 1020 4069; x_wconf 86' lang='lat' dir='ltr'><strong>quadrabit.</strong></span> <span class='ocrx_word' id='word_1_533' title='bbox 1064 4000 1221 4070; x_wconf 86' lang='lat' dir='ltr'><strong>Ortospana</strong></span> <span class='ocrx_word' id='word_1_534' title='bbox 1245 4003 1340 4054; x_wconf 90' lang='lat' dir='ltr'><strong>autem</strong></span> <span class='ocrx_word' id='word_1_535' title='bbox 1362 4001 1460 4056; x_wconf 89' lang='lat' dir='ltr'><strong>urbem</strong></span> <span class='ocrx_word' id='word_1_536' title='bbox 1484 4017 1603 4056; x_wconf 90' lang='lat' dir='ltr'><strong>comme-</strong></span> 
     </span>
     <span class='ocr_line' id='line_1_51' title="bbox 302 4068 1603 4142; baseline 0 -17"><span class='ocrx_word' id='word_1_537' title='bbox 302 4075 393 4126; x_wconf 89' lang='lat' dir='ltr'><strong>morat</strong></span> <span class='ocrx_word' id='word_1_538' title='bbox 421 4071 522 4128; x_wconf 82' lang='lat' dir='ltr'><strong>Strabo</strong></span> <span class='ocrx_word' id='word_1_539' title='bbox 545 4072 583 4125; x_wconf 86' lang='lat' dir='ltr'><strong>XI</strong></span> <span class='ocrx_word' id='word_1_540' title='bbox 605 4091 631 4142; x_wconf 92' lang='lat' dir='ltr'><strong>p.</strong></span> <span class='ocrx_word' id='word_1_541' title='bbox 653 4077 704 4126; x_wconf 81' lang='lat'><strong>514</strong></span> <span class='ocrx_word' id='word_1_542' title='bbox 727 4075 757 4126; x_wconf 92' lang='lat' dir='ltr'><strong>et</strong></span> <span class='ocrx_word' id='word_1_543' title='bbox 775 4072 826 4126; x_wconf 80' lang='lat' dir='ltr'><strong>XV</strong></span> <span class='ocrx_word' id='word_1_544' title='bbox 843 4091 870 4141; x_wconf 93' lang='lat' dir='ltr'><strong>p.</strong></span> <span class='ocrx_word' id='word_1_545' title='bbox 892 4077 955 4126; x_wconf 78' lang='lat'><strong>729:</strong></span> <span class='ocrx_word' id='word_1_546' title='bbox 985 4071 1024 4134; x_wconf 79' lang='grc' dir='ltr'><strong>τίς</strong></span> <span class='ocrx_word' id='word_1_547' title='bbox 1047 4069 1230 4141; x_wconf 85' lang='grc' dir='ltr'><strong><em>Ὀρτόσπανα</em></strong></span> <span class='ocrx_word' id='word_1_548' title='bbox 1259 4068 1305 4126; x_wconf 76' lang='grc' dir='ltr'><strong>ἐπὶ</strong></span> <span class='ocrx_word' id='word_1_549' title='bbox 1332 4071 1383 4141; x_wconf 74' lang='grc' dir='ltr'><strong><em>τὴν</em></strong></span> <span class='ocrx_word' id='word_1_550' title='bbox 1412 4070 1443 4128; x_wconf 76' lang='grc' dir='ltr'><strong>ἐκ</strong></span> <span class='ocrx_word' id='word_1_551' title='bbox 1471 4073 1603 4141; x_wconf 84' lang='grc' dir='ltr'><strong><em>Βάκτρων</em></strong></span> 
     </span>
     <span class='ocr_line' id='line_1_52' title="bbox 301 4138 1602 4226; baseline -0.001 -29"><span class='ocrx_word' id='word_1_552' title='bbox 301 4145 414 4212; x_wconf 81' lang='grc' dir='ltr'><strong><em>τρίοδον</em></strong></span> <span class='ocrx_word' id='word_1_553' title='bbox 439 4140 499 4213; x_wconf 76' lang='grc' dir='ltr'><strong><em>ἣτις</em></strong></span> <span class='ocrx_word' id='word_1_554' title='bbox 528 4142 601 4197; x_wconf 76' lang='grc' dir='ltr'><strong><em>ἐστὶν</em></strong></span> <span class='ocrx_word' id='word_1_555' title='bbox 632 4138 663 4198; x_wconf 81' lang='grc' dir='ltr'><strong><em>ἕν</em></strong></span> <span class='ocrx_word' id='word_1_556' title='bbox 694 4151 752 4206; x_wconf 84' lang='grc' dir='ltr'><strong><em>τοῖς</em></strong></span> <span class='ocrx_word' id='word_1_557' title='bbox 780 4141 1041 4212; x_wconf 84' lang='grc' dir='ltr'><strong><em>Παραπαμισάδαις.</em></strong></span> <span class='ocrx_word' id='word_1_558' title='bbox 1088 4158 1104 4196; x_wconf 92' lang='lat' dir='ltr'><strong>e</strong></span> <span class='ocrx_word' id='word_1_559' title='bbox 1130 4141 1217 4196; x_wconf 89' lang='lat' dir='ltr'><strong>Plinii</strong></span> <span class='ocrx_word' id='word_1_560' title='bbox 1244 4143 1305 4198; x_wconf 90' lang='lat' dir='ltr'><strong>loco</strong></span> <span class='ocrx_word' id='word_1_561' title='bbox 1333 4143 1450 4198; x_wconf 91' lang='lat' dir='ltr'><strong>laudato</strong></span> <span class='ocrx_word' id='word_1_562' title='bbox 1477 4145 1602 4226; x_wconf 86' lang='lat' dir='ltr'><strong>apparet,</strong></span> 
     </span>
     <span class='ocr_line' id='line_1_53' title="bbox 302 4213 1602 4281; baseline 0 -13"><span class='ocrx_word' id='word_1_563' title='bbox 302 4215 494 4268; x_wconf 86' lang='lat' dir='ltr'><strong>Alexandrum</strong></span> <span class='ocrx_word' id='word_1_564' title='bbox 512 4213 580 4268; x_wconf 91' lang='lat' dir='ltr'><strong>illuc</strong></span> <span class='ocrx_word' id='word_1_565' title='bbox 599 4213 751 4268; x_wconf 86' lang='lat' dir='ltr'><strong>exercitum</strong></span> <span class='ocrx_word' id='word_1_566' title='bbox 770 4214 921 4269; x_wconf 89' lang='lat' dir='ltr'><strong>adduxisse</strong></span> <span class='ocrx_word' id='word_1_567' title='bbox 940 4231 1003 4268; x_wconf 88' lang='lat' dir='ltr'><strong>cum</strong></span> <span class='ocrx_word' id='word_1_568' title='bbox 1021 4231 1055 4268; x_wconf 94' lang='lat' dir='ltr'><strong>ex</strong></span> <span class='ocrx_word' id='word_1_569' title='bbox 1073 4213 1222 4268; x_wconf 88' lang='lat' dir='ltr'><strong>Arachotis</strong></span> <span class='ocrx_word' id='word_1_570' title='bbox 1240 4217 1364 4270; x_wconf 90' lang='lat' dir='ltr'><strong>moveret</strong></span> <span class='ocrx_word' id='word_1_571' title='bbox 1381 4215 1411 4268; x_wconf 89' lang='lat' dir='ltr'><strong>in</strong></span> <span class='ocrx_word' id='word_1_572' title='bbox 1424 4216 1602 4281; x_wconf 70' lang='lat' dir='ltr'><strong>Bactrianos:</strong></span> 
     </span>
     <span class='ocr_line' id='line_1_54' title="bbox 302 4284 1602 4355; baseline -0.001 -15"><span class='ocrx_word' id='word_1_573' title='bbox 302 4285 399 4342; x_wconf 84' lang='lat' dir='ltr'><strong>Claud.</strong></span> <span class='ocrx_word' id='word_1_574' title='bbox 418 4285 597 4340; x_wconf 82' lang='lat' dir='ltr'><strong>Ptolemaeus</strong></span> <span class='ocrx_word' id='word_1_575' title='bbox 616 4286 735 4340; x_wconf 83' lang='lat' dir='ltr'><strong>eandem</strong></span> <span class='ocrx_word' id='word_1_576' title='bbox 752 4285 881 4340; x_wconf 87' lang='lat' dir='ltr'><strong>nominat</strong></span> <span class='ocrx_word' id='word_1_577' title='bbox 893 4285 1039 4355; x_wconf 76' lang='grc' dir='ltr'><strong><em>Κάροοραι</em></strong></span> <span class='ocrx_word' id='word_1_578' title='bbox 1058 4286 1193 4355; x_wconf 87' lang='grc' dir='ltr'><strong><em>Κάρονρα</em></strong></span> <span class='ocrx_word' id='word_1_579' title='bbox 1207 4284 1224 4354; x_wconf 84' lang='grc' dir='ltr'><strong><em>ἣ</em></strong></span> <span class='ocrx_word' id='word_1_580' title='bbox 1239 4287 1287 4341; x_wconf 80' lang='grc' dir='ltr'><strong>καλ</strong></span> <span class='ocrx_word' id='word_1_581' title='bbox 1298 4285 1479 4355; x_wconf 90' lang='grc' dir='ltr'><strong><em>Ὀρτόσπανα.</em></strong></span> <span class='ocrx_word' id='word_1_582' title='bbox 1508 4302 1602 4340; x_wconf 84' lang='lat' dir='ltr'><strong>omnes</strong></span> 
     </span>
     <span class='ocr_line' id='line_1_55' title="bbox 302 4356 1602 4426; baseline 0.001 -15"><span class='ocrx_word' id='word_1_583' title='bbox 302 4358 395 4411; x_wconf 91' lang='lat' dir='ltr'><strong>adhuc</strong></span> <span class='ocrx_word' id='word_1_584' title='bbox 413 4374 469 4412; x_wconf 91' lang='lat' dir='ltr'><strong>uno</strong></span> <span class='ocrx_word' id='word_1_585' title='bbox 488 4374 535 4412; x_wconf 90' lang='lat' dir='ltr'><strong>ore</strong></span> <span class='ocrx_word' id='word_1_586' title='bbox 554 4357 606 4410; x_wconf 90' lang='lat' dir='ltr'><strong>viri</strong></span> <span class='ocrx_word' id='word_1_587' title='bbox 625 4356 716 4411; x_wconf 84' lang='lat' dir='ltr'><strong>critici</strong></span> <span class='ocrx_word' id='word_1_588' title='bbox 735 4357 921 4424; x_wconf 86' lang='lat' dir='ltr'><strong>consentiunt,</strong></span> <span class='ocrx_word' id='word_1_589' title='bbox 940 4357 1038 4411; x_wconf 90' lang='lat' dir='ltr'><strong>urbem</strong></span> <span class='ocrx_word' id='word_1_590' title='bbox 1056 4373 1119 4411; x_wconf 88' lang='lat' dir='ltr'><strong>eam</strong></span> <span class='ocrx_word' id='word_1_591' title='bbox 1136 4357 1223 4412; x_wconf 86' lang='lat' dir='ltr'><strong>fuisse</strong></span> <span class='ocrx_word' id='word_1_592' title='bbox 1242 4374 1314 4426; x_wconf 87' lang='lat' dir='ltr'><strong>quae</strong></span> <span class='ocrx_word' id='word_1_593' title='bbox 1338 4356 1423 4411; x_wconf 92' lang='lat' dir='ltr'><strong>hodie</strong></span> <span class='ocrx_word' id='word_1_594' title='bbox 1440 4357 1534 4411; x_wconf 89' lang='lat' dir='ltr'><strong>Kabul</strong></span> <span class='ocrx_word' id='word_1_595' title='bbox 1557 4374 1602 4412; x_wconf 90' lang='lat' dir='ltr'><strong>vo·</strong></span> 
     </span>
     <span class='ocr_line' id='line_1_56' title="bbox 302 4427 1603 4499; baseline -0.002 -16"><span class='ocrx_word' id='word_1_596' title='bbox 302 4432 389 4485; x_wconf 89' lang='lat' dir='ltr'><strong>catur.</strong></span> <span class='ocrx_word' id='word_1_597' title='bbox 427 4431 571 4483; x_wconf 89' lang='lat' dir='ltr'><strong>moventur</strong></span> <span class='ocrx_word' id='word_1_598' title='bbox 596 4429 672 4482; x_wconf 88' lang='lat' dir='ltr'><strong>enim</strong></span> <span class='ocrx_word' id='word_1_599' title='bbox 694 4427 755 4484; x_wconf 91' lang='lat' dir='ltr'><strong>soni</strong></span> <span class='ocrx_word' id='word_1_600' title='bbox 778 4428 964 4482; x_wconf 89' lang='lat' dir='ltr'><strong>similitudine</strong></span> <span class='ocrx_word' id='word_1_601' title='bbox 987 4428 1084 4497; x_wconf 89' lang='lat' dir='ltr'><strong>aliqua</strong></span> <span class='ocrx_word' id='word_1_602' title='bbox 1106 4429 1181 4483; x_wconf 89' lang='lat' dir='ltr'><strong>inter</strong></span> <span class='ocrx_word' id='word_1_603' title='bbox 1202 4429 1336 4499; x_wconf 84' lang='grc' dir='ltr'><strong><em>Κάροορα</em></strong></span> <span class='ocrx_word' id='word_1_604' title='bbox 1360 4431 1389 4482; x_wconf 89' lang='lat' dir='ltr'><strong>et</strong></span> <span class='ocrx_word' id='word_1_605' title='bbox 1411 4427 1505 4483; x_wconf 89' lang='lat' dir='ltr'><strong>Kabul</strong></span> <span class='ocrx_word' id='word_1_606' title='bbox 1523 4445 1603 4483; x_wconf 91' lang='lat' dir='ltr'><strong>voces</strong></span> 
     </span>
     <span class='ocr_line' id='line_1_57' title="bbox 302 4499 1604 4569; baseline -0.002 -15"><span class='ocrx_word' id='word_1_607' title='bbox 302 4499 501 4556; x_wconf 86' lang='lat' dir='ltr'><strong>intercedente.</strong></span> <span class='ocrx_word' id='word_1_608' title='bbox 539 4499 608 4568; x_wconf 85' lang='lat' dir='ltr'><strong>quin</strong></span> <span class='ocrx_word' id='word_1_609' title='bbox 625 4499 781 4554; x_wconf 88' lang='lat' dir='ltr'><strong>Ptolemaei</strong></span> <span class='ocrx_word' id='word_1_610' title='bbox 799 4501 933 4569; x_wconf 84' lang='grc' dir='ltr'><strong><em>Κάροορα</em></strong></span> <span class='ocrx_word' id='word_1_611' title='bbox 952 4499 1010 4554; x_wconf 88' lang='lat' dir='ltr'><strong>iam</strong></span> <span class='ocrx_word' id='word_1_612' title='bbox 1027 4499 1156 4554; x_wconf 89' lang='lat' dir='ltr'><strong>codicum</strong></span> <span class='ocrx_word' id='word_1_613' title='bbox 1173 4500 1282 4555; x_wconf 88' lang='lat' dir='ltr'><strong>librarii</strong></span> <span class='ocrx_word' id='word_1_614' title='bbox 1303 4499 1408 4569; x_wconf 89' lang='lat' dir='ltr'><strong>partim</strong></span> <span class='ocrx_word' id='word_1_615' title='bbox 1426 4503 1604 4555; x_wconf 85' lang='lat' dir='ltr'><strong>mutaverunt</strong></span> 
     </span>
     <span class='ocr_line' id='line_1_58' title="bbox 301 4570 1603 4645; baseline 0.001 -21"><span class='ocrx_word' id='word_1_616' title='bbox 301 4570 331 4624; x_wconf 93' lang='lat' dir='ltr'><strong>in</strong></span> <span class='ocrx_word' id='word_1_617' title='bbox 350 4571 492 4645; x_wconf 84' lang='grc' dir='ltr'><strong><em>Κάβοορα.</em></strong></span> <span class='ocrx_word' id='word_1_618' title='bbox 529 4572 689 4640; x_wconf 89' lang='lat' dir='ltr'><strong>negandum</strong></span> <span class='ocrx_word' id='word_1_619' title='bbox 699 4574 794 4625; x_wconf 89' lang='lat' dir='ltr'><strong>autem</strong></span> <span class='ocrx_word' id='word_1_620' title='bbox 804 4574 917 4626; x_wconf 86' lang='lat' dir='ltr'><strong>esteum</strong></span> <span class='ocrx_word' id='word_1_621' title='bbox 929 4572 1029 4639; x_wconf 81' lang='lat' dir='ltr'><strong>locum,</strong></span> <span class='ocrx_word' id='word_1_622' title='bbox 1049 4571 1098 4626; x_wconf 92' lang='lat' dir='ltr'><strong>ubi</strong></span> <span class='ocrx_word' id='word_1_623' title='bbox 1113 4576 1253 4627; x_wconf 88' lang='lat' dir='ltr'><strong>servatum</strong></span> <span class='ocrx_word' id='word_1_624' title='bbox 1263 4571 1301 4626; x_wconf 79' lang='lat' dir='ltr'><strong>sit</strong></span> <span class='ocrx_word' id='word_1_625' title='bbox 1314 4570 1344 4624; x_wconf 89' lang='lat' dir='ltr'><strong>in</strong></span> <span class='ocrx_word' id='word_1_626' title='bbox 1354 4570 1498 4625; x_wconf 91' lang='lat' dir='ltr'><strong>codicibus</strong></span> <span class='ocrx_word' id='word_1_627' title='bbox 1514 4571 1603 4626; x_wconf 88' lang='lat' dir='ltr'><strong>altero</strong></span> 
     </span>
     <span class='ocr_line' id='line_1_59' title="bbox 301 4641 1604 4714; baseline 0 -18"><span class='ocrx_word' id='word_1_628' title='bbox 301 4645 367 4712; x_wconf 87' lang='lat' dir='ltr'><strong>post</strong></span> <span class='ocrx_word' id='word_1_629' title='bbox 380 4641 513 4713; x_wconf 77' lang='grc' dir='ltr'><strong><em>Λόχαρνα</em></strong></span> <span class='ocrx_word' id='word_1_630' title='bbox 531 4643 629 4696; x_wconf 90' lang='lat' dir='ltr'><strong>urbem</strong></span> <span class='ocrx_word' id='word_1_631' title='bbox 648 4641 737 4712; x_wconf 87' lang='lat' dir='ltr'><strong>(cuius</strong></span> <span class='ocrx_word' id='word_1_632' title='bbox 756 4659 885 4697; x_wconf 86' lang='lat' dir='ltr'><strong>numeros</strong></span> <span class='ocrx_word' id='word_1_633' title='bbox 899 4643 1101 4713; x_wconf 88' lang='lat' dir='ltr'><strong>geographicos</strong></span> <span class='ocrx_word' id='word_1_634' title='bbox 1117 4644 1182 4697; x_wconf 88' lang='lat'>118⁰</span> <span class='ocrx_word' id='word_1_635' title='bbox 1200 4641 1241 4697; x_wconf 80' lang='lat'><strong>34‘</strong></span> <span class='ocrx_word' id='word_1_636' title='bbox 1263 4645 1374 4696; x_wconf 90' lang='lat' dir='ltr'><strong>servant</strong></span> <span class='ocrx_word' id='word_1_637' title='bbox 1392 4642 1511 4714; x_wconf 88' lang='lat' dir='ltr'><strong>codices)</strong></span> <span class='ocrx_word' id='word_1_638' title='bbox 1531 4659 1604 4711; x_wconf 90' lang='lat' dir='ltr'><strong>quae</strong></span> 
     </span>
    </p>
   </div>
   <div class='ocr_carea' id='block_1_3' title="bbox 304 4713 1652 4793">
    <p class='ocr_par' dir='ltr' id='par_1_3' title="bbox 304 4713 1652 4793">
     <span class='ocr_line' id='line_1_60' title="bbox 304 4713 1652 4793; baseline 0.001 -26"><span class='ocrx_word' id='word_1_639' title='bbox 304 4714 342 4768; x_wconf 90' lang='lat' dir='ltr'><strong>ad</strong></span> <span class='ocrx_word' id='word_1_640' title='bbox 360 4715 452 4784; x_wconf 88' lang='lat' dir='ltr'><strong>Logar</strong></span> <span class='ocrx_word' id='word_1_641' title='bbox 470 4713 555 4768; x_wconf 90' lang='lat' dir='ltr'><strong>hodie</strong></span> <span class='ocrx_word' id='word_1_642' title='bbox 573 4716 704 4768; x_wconf 87' lang='lat' dir='ltr'><strong>vocatum</strong></span> <span class='ocrx_word' id='word_1_643' title='bbox 722 4713 836 4768; x_wconf 87' lang='lat' dir='ltr'><strong>fluvium</strong></span> <span class='ocrx_word' id='word_1_644' title='bbox 861 4715 1007 4793; x_wconf 84' lang='lat' dir='ltr'><strong>referenda</strong></span> <span class='ocrx_word' id='word_1_645' title='bbox 1030 4717 1085 4785; x_wconf 81' lang='lat' dir='ltr'><strong>est,</strong></span> <span class='ocrx_word' id='word_1_646' title='bbox 1106 4747 1138 4756; x_wconf 92' lang='lat'><em>-</em></span> <span class='ocrx_word' id='word_1_647' title='bbox 1157 4713 1250 4768; x_wconf 90' lang='lat' dir='ltr'><strong>influit</strong></span> <span class='ocrx_word' id='word_1_648' title='bbox 1271 4713 1296 4766; x_wconf 93' lang='lat' dir='ltr'><strong>is</strong></span> <span class='ocrx_word' id='word_1_649' title='bbox 1319 4713 1349 4768; x_wconf 87' lang='lat' dir='ltr'><strong>in</strong></span> <span class='ocrx_word' id='word_1_650' title='bbox 1371 4713 1465 4768; x_wconf 88' lang='lat' dir='ltr'><strong>Kabul</strong></span> <span class='ocrx_word' id='word_1_651' title='bbox 1487 4713 1603 4768; x_wconf 85' lang='lat' dir='ltr'><strong>fluvium</strong></span> <span class='ocrx_word' id='word_1_652' title='bbox 1649 4765 1652 4769; x_wconf 92' lang='lat'><strong>.</strong></span> 
     </span>
    </p>
   </div>
   <div class='ocr_carea' id='block_1_4' title="bbox 0 0 1752 5308">
    <p class='ocr_par' dir='ltr' id='par_1_4' title="bbox 0 0 1752 5308">
     <span class='ocr_line' id='line_1_61' title="bbox 0 0 1752 5308; baseline 0 0"><span class='ocrx_word' id='word_1_653' title='bbox 0 0 1752 5308; x_wconf 95' lang='lat' dir='ltr'><strong> </strong></span> 
     </span>
    </p>
   </div>
   <div class='ocr_carea' id='block_1_5' title="bbox 1746 1685 1749 2663">
    <p class='ocr_par' dir='ltr' id='par_1_5' title="bbox 1746 1685 1749 2663">
     <span class='ocr_line' id='line_1_62' title="bbox 1746 1685 1749 2663; baseline 0 0"><span class='ocrx_word' id='word_1_654' title='bbox 1746 1685 1749 2663; x_wconf 95' lang='lat' dir='ltr'><strong> </strong></span> 
     </span>
    </p>
   </div>
  </div>
 </body>
</html>
