3496 5308
677 316 899 380 ..31-

133 480 277 545 muniret
300 479 459 564 praesidio
483 477 758 563 possessionisque
781 476 903 540 clarum
926 475 1016 539 daret
1039 475 1176 562 signum.
1223 477 1320 559 atque
1346 476 1444 541 ardua

134 579 341 644 Ptolemaeus
363 577 414 642 via
433 577 610 663 procedens
629 579 662 639 11
681 573 805 639 difficili
824 573 906 639 olam
926 572 1074 638 barbaris
1088 577 1200 657 petrae
1214 573 1304 637 illam
1317 578 1443 658 partem

135 676 330 742 conscendit.
376 699 473 761 quam
505 674 589 740 vallo
623 673 735 738 deinde
763 673 798 736 in
826 673 938 737 orbem
965 671 1062 737 ducto
1090 674 1123 735 et
1150 671 1237 736 fossa
1264 694 1337 736 cum
1365 673 1443 738 satis

132 774 293 840 munisset
319 775 423 840 facem
450 773 583 838 sustulit
611 771 842 836 inflammatam
869 769 929 855 ibi,
959 769 1018 834 ubi
1045 769 1187 854 conspici
1210 792 1281 834 eam
1303 771 1344 834 ab
1370 771 1442 836 Ale·

135 873 258 938 xandro
296 895 391 956 posse
423 871 651 936 arbitrabatur.
707 869 830 934 interea
861 867 1043 933 Alexander
1074 867 1145 952 ipse
1177 868 1300 933 aditum
1331 873 1442 954 petrae

134 993 233 1054 manu
252 971 376 1034 factum
395 969 573 1054 occupavit,
598 990 661 1052 quo
680 990 753 1032 cum
771 966 948 1032 Ptolemaei
967 965 1097 1052 signum
1116 971 1268 1054 cerneret,
1286 968 1443 1051 postridie

134 1069 314 1134 exercitum
346 1069 381 1132 in
412 1067 523 1132 hostes
555 1065 654 1130 duxit.
713 1087 818 1150 neque
850 1069 959 1129 tamen
991 1064 1163 1148 quicquam
1194 1065 1250 1129 illo
1284 1065 1334 1129 die
1366 1089 1443 1150 prae

132 1167 347 1232 barbarorum
373 1163 564 1230 fortitudine
591 1164 799 1248 locorumque
827 1162 998 1248 iniquitate
1027 1161 1141 1226 effecit.
1192 1163 1270 1246 quin
1297 1185 1369 1228 cum
1397 1187 1443 1228 re-

132 1265 285 1330 cessisset
321 1262 451 1328 barbari
487 1263 522 1326 in
552 1262 773 1327 Ptolemaeum
809 1261 873 1325 iarn
906 1283 940 1325 se
972 1263 1200 1325 converterunt
1232 1265 1269 1325 ut
1301 1284 1341 1326 ex
1372 1262 1442 1328 Ioco

133 1362 262 1428 munito
282 1383 356 1426 eum
375 1360 581 1446 expellerent.
620 1383 756 1444 quornm
774 1363 868 1424 atrox
887 1381 960 1424 cum
978 1357 1208 1423 Macedonibus
1221 1359 1260 1424 fit
1276 1360 1444 1448 proelium,

134 1484 210 1525 cum
237 1460 358 1524 vallum
379 1457 451 1523 Indi
479 1463 671 1523 conarentur
693 1457 885 1543 rescindere,
913 1456 1000 1540 quod
1023 1455 1111 1521 omni
1134 1478 1232 1541 opera
1254 1457 1444 1524 Macedones

135 1558 358 1623 defendebant.
413 1561 510 1620 noctu
542 1557 669 1620 demum
702 1555 830 1620 barbari
862 1558 1069 1620 recessenmt.
1123 1554 1188 1618 iam
1220 1555 1283 1619 alia
1319 1557 1444 1622 ratione

134 1661 263 1742 petram
282 1654 530 1741 oppugnandam
549 1677 619 1719 esse
633 1654 816 1719 Alexander
833 1653 1004 1718 intellexit.
1044 1651 1223 1736 Indumque
1242 1655 1443 1742 transfugam

136 1755 295 1840 quendam
323 1757 355 1817 et
381 1753 482 1817 fidum
509 1756 542 1816 et
568 1753 713 1818 locorum
741 1751 882 1837 peritum
910 1751 950 1815 ad
972 1750 1193 1815 Ptolemaeum
1219 1757 1317 1816 noctu
1340 1753 1444 1818 mittit

134 1853 209 1918 cum
236 1851 388 1937 epistula,
419 1849 475 1915 ubi
503 1850 659 1934 scriptum
687 1854 769 1936 erat,
796 1849 1000 1914 Ptolemaeus
1027 1871 1068 1912 ne
1095 1848 1213 1913 clivum
1241 1850 1341 1914 tutari
1364 1851 1443 1916 satis

135 1951 278 2034 haberet,
297 1950 353 2015 sed
371 1953 408 2014 111
426 1948 497 2034 ipse
515 1949 624 2014 hostes
639 1953 773 2034 peteret,
792 1947 819 2012 si
833 1945 1016 2012 Alexander
1032 1950 1143 2031 petrae
1157 1947 1442 2032 appropinquaret.

134 2051 207 2135 ipse
235 2071 307 2114 oum
335 2047 402 2112 dies
430 2048 628 2112 illucesceret
657 2070 674 2110 1
701 2046 816 2111 castris
844 2045 1020 2110 exercitum
1043 2045 1221 2110 —relicto
1245 2050 1443 2131 certeprae-

135 2149 217 2213 sidio
236 2147 270 2211 in
289 2145 379 2211 aditu
398 2143 554 2230 occupato
571 2145 668 2210 -ad
686 2167 754 2209 eam
776 2149 887 2228 petrae
901 2147 1026 2228 partem
1042 2143 1143 2228 duxit,
1163 2165 1226 2227 qua
1240 2143 1443 2213 Ptolemaeus
1559 2191 1566 2204 .

135 2247 218 2311 clam
245 2245 397 2310 hostibus
425 2243 623 2327 ascenderat,
652 2265 718 2309 non
745 2243 810 2307 iam
834 2241 965 2306 difficile
987 2246 1076 2306 ratus
1098 2242 1264 2328 negotium
1288 2243 1443 2328 futurum,

134 2345 161 2409 si
186 2343 380 2428 coniungere
402 2365 436 2406 se
454 2345 564 2426 posset
583 2364 655 2406 cum
673 2340 850 2406 Ptolemaei
869 2340 980 2424 copiis.
1022 2339 1165 2424 periculo
1185 2341 1314 2426 cognito
1333 2341 1443 2406 hostes

135 2441 288 2508 omnibus
323 2440 447 2505 viribus
483 2439 672 2504 nitebantur
708 2443 745 2503 ut
776 2438 967 2503 Macedones
1003 2437 1209 2503 ascendentes
1241 2439 1443 2523 repellerent.

134 2541 190 2606 sed
223 2562 296 2604 cum
327 2561 394 2604 non
425 2539 570 2602 deessent
597 2537 787 2602 Macedones
820 2559 948 2622 pugnae
976 2535 1031 2600 alii
1058 2536 1131 2600 aliis
1157 2537 1362 2602 succedentes
1389 2539 1443 2602 vix

135 2643 212 2724 post
226 2637 392 2702 meridiem
406 2636 621 2723 coniungendi
636 2659 669 2701 se
678 2635 861 2700 Alexandro
876 2635 982 2699 locum
997 2635 1152 2699 dederunt
1167 2656 1240 2699 cum
1249 2635 1442 2702 Ptolemaeo.

135 2737 209 2801 inde
242 2759 314 2801 cum
347 2757 457 2801 omnes
489 2735 601 2820 copiae
633 2738 739 2799 essent
771 2736 941 2819 congestae
973 2755 1083 2797 rursus
1110 2735 1227 2816 petunt
1253 2733 1443 2800 Macedones

136 2840 276 2920 petram,
305 2833 359 2898 sod
383 2856 455 2899 oum
479 2833 550 2898 avia
573 2833 677 2898 adhuc
700 2832 797 2896 etiam
821 2833 862 2896 ab
886 2831 947 2895 hac
969 2835 1062 2914 parte
1085 2834 1169 2895 esset
1192 2835 1284 2915 petra
1307 2832 1443 2897 facilea

136 2931 283 2996 barbaris
307 2932 435 2996 defensa
458 2936 514 2997 est.
558 2953 655 3015 quam
678 2929 862 2995 Alexander
883 2929 945 2994 nisi
970 2951 1087 3015 aggere
1110 2951 1129 2992 a
1149 2928 1326 2994 Ptolemaei
1350 2936 1443 3016 parte

50 3113 53 3122 .
136 3031 177 3094 ad
204 3030 309 3115 ipsam
337 3030 432 3095 ducto
461 3029 640 3116 expugnari
667 3051 733 3093 non
760 3051 856 3112 posse
884 3050 956 3092 cum
979 3027 1114 3113 videret,
1144 3030 1272 3110 postero
1301 3028 1352 3092 die
1380 3030 1441 3094 sub

136 3130 240 3194 lucem
267 3128 387 3194 milites
415 3129 507 3213 palos
531 3132 660 3192 centum
682 3147 943 3210 unumquemque
966 3125 1061 3189 1111111
1084 3125 1221 3189 caedere.
1269 3115 1338 3210 quo
1356 3128 1442 3192 facto

136 3227 204 3312 ipse
231 3249 385 3313 magnum
412 3226 559 3291 initiatus
587 3229 636 3290 est
663 3247 827 3312 aggerem,
857 3223 942 3288 unde
969 3222 1107 3308 sagittae
1134 3222 1263 3308 telaque
1285 3224 1442 3290 machinis

137 3325 279 3389 coniecta
303 3325 343 3388 ad
366 3325 476 3389 hostes
498 3327 632 3408 possent
656 3323 826 3408 pertinere.
872 3325 905 3386 11
927 3321 1084 3386 exercitus
1108 3319 1212 3385 omnis
1235 3323 1346 3408 aggeri
1372 3347 1441 3407 per-

136 3423 270 3487 ficiendo
302 3423 476 3488 maximam
508 3421 637 3486 navarit
665 3443 796 3506 oporam
825 3441 896 3484 oum
924 3420 995 3503 ipse
1021 3441 1077 3482 rex
1106 3423 1267 3504 spectaret
1295 3425 1442 3486 strenuos

137 3521 282 3605 laudans,
314 3521 502 3604 vituperans
534 3542 656 3607 segnes.
707 3541 743 3584 ac
775 3517 881 3603 primo
915 3517 1044 3602 quidem
1077 3517 1127 3581 die
1157 3541 1257 3604 agger
1283 3519 1318 3582 in
1345 3520 1442 3584 stadii

137 3619 371 3706 longitudinem
389 3618 544 3705 funditur,
564 3640 758 3703 quamquam
776 3617 906 3682 crebros
920 3615 991 3680 Indi
1010 3614 1132 3680 faciunt
1146 3616 1294 3700 impetus.
1331 3617 1442 3682 hostes

138 3720 173 3780 ut
199 3717 387 3802 prohiberet
409 3715 593 3780 Alexander
619 3720 750 3800 postero
781 3714 832 3779 die
854 3714 1033 3778 funditores
1056 3715 1088 3778 in
1111 3718 1203 3798 parte
1226 3715 1354 3800 aggeris
1378 3717 1442 3780 iam

137 3814 276 3899 perfecta
307 3815 425 3879 locavit
457 3814 693 3898 machinasque.
748 3813 857 3898 itaque
885 3811 1075 3877 Macedones
1107 3834 1173 3876 non
1200 3813 1265 3878 iam
1293 3813 1441 3898 impediti

137 3917 201 3978 tres
220 3913 288 3978 dies
305 3934 423 3999 aggere
442 3913 605 3978 fundendo
625 3915 899 3996 consumpserunt.
937 3914 1051 3995 quarto
1066 3908 1172 3998 dieSI),
1188 3912 1442 3998 oppugnationis

138 4013 286 4096 septimo,
304 4011 451 4075 nonnulli
470 4033 584 4096 rupem
603 4010 763 4095 quandam
783 4013 941 4094 occupant
960 4031 1032 4073 oum
1047 4013 1140 4092 petra
1154 4012 1221 4072 arte
1235 4009 1441 4074 coniunctum

96 4163 103 4178 .
137 4131 310 4193 paremque
334 4107 512 4174 altitudine.
558 4110 640 4173 hano
664 4108 703 4172 ad
726 4129 842 4191 rupem
862 4106 1044 4171 Alexander
1061 4105 1125 4170 iam
1144 4129 1296 4193 aggerem
1315 4130 1440 4172 summo

137 4208 243 4273 studio
275 4206 410 4272 adduxit
442 4211 474 4271 et
506 4206 577 4272 Indi
609 4206 667 4271 tali
699 4205 911 4270 Macedonum
943 4204 1058 4270 collem
1089 4205 1182 4270 illum
1214 4208 1441 4291 occupantium

225 4369 270 4435 87)
289 4364 334 4418 his
353 4364 472 4419 fortasse
491 4364 591 4420 diebus
609 4363 748 4434 proelium
766 4363 837 4417 illud
858 4362 1022 4418 dimicatum
1041 4365 1091 4432 111,
1110 4364 1146 4417 de
1160 4380 1216 4432 quo
1231 4363 1342 4418 Curtius
1355 4364 1441 4418 refert

137 4437 232 4491 multis
259 4435 351 4491 verbis
379 4435 456 4505 VIII,
477 4441 523 4503 11,
538 4442 567 4505 9,
595 4435 646 4491 ubi
669 4435 771 4491 Chares
800 4437 829 4488 11
851 4435 1012 4489 Alexander
1035 4435 1152 4503 quidam
1179 4434 1254 4490 diem
1282 4451 1441 4504 supremum

138 4509 266 4563 obierunt
288 4507 441 4562 fortissime
464 4509 631 4577 pugnantes.
669 4509 793 4562 ceterum
811 4508 919 4576 septem
937 4506 1037 4560 diebus
1056 4522 1187 4577 aggerem
1205 4507 1362 4590 perfectum
1380 4523 1440 4562 esse

138 4579 246 4634 Curtius
260 4579 279 4635 1,
294 4579 312 4634 l.
332 4580 367 4634 ed
381 4579 519 4634 Diodorus
533 4578 618 4647 xvn,
633 4579 842 4648 8111111111,
861 4578 937 4646 quod
950 4596 1007 4634 non
1020 4593 1177 4648 repugnare
1191 4575 1440 4648 vrdetur'Arriano,

138 4651 161 4705 si
186 4654 243 4706 tres
271 4667 382 4721 quoque
410 4650 470 4705 dies
494 4649 713 4720 oppugnationis
735 4648 840 4720 primos
863 4649 984 4720 (Arrian.
1003 4649 1049 4719 IV,
1065 4653 1109 4720 29)
1134 4667 1203 4718 quos
1226 4649 1311 4719 plane
1334 4649 1441 4704 omittit

137 4721 246 4778 Curtius
264 4721 467 4794 Diodorusque,
487 4721 666 4778 adsumimus.
