3496 5308
865 323 1088 387 „52-

321 501 574 583 propinquantes
606 499 715 564 1101101
748 499 839 582 vidit,
871 522 944 564 cum
972 500 1093 565 Porum
1126 503 1232 586 ipsum
1264 503 1413 568 accedere
1443 506 1536 567 ratus
1567 502 1649 568 Ale-

321 597 443 661 xander
465 597 646 661 Tauronem
670 603 783 662 eontra
807 620 862 662 eos
886 600 1009 682 emisit,
1036 604 1073 664 ut
1096 600 1254 665 detineret
1276 601 1353 664 dum
1376 603 1445 684 ipse
1469 624 1528 666 rex
1553 604 1650 684 equi-

321 702 392 762 tum
429 699 530 760 aciem
568 698 773 761 instruxisset
812 697 1000 781 peditesque
1036 697 1249 762 Macedonum
1286 699 1441 763 adessent.
1502 722 1649 764 numero

321 799 428 859 autem
452 796 596 859 hostium
620 817 720 879 parvo
744 818 784 860 ex
808 795 1063 879 speculatoribus
1087 801 1252 880 comperto
1279 799 1388 862 statim
1412 799 1586 862 turmatim
1612 801 1650 862 in
1715 845 1716 890 ,

279 983 281 987 Ι
320 916 374 957 001
397 895 543 958 invectus
572 898 629 958 est.
676 895 732 975 qui
760 894 839 957 adeo
867 915 934 957 non
963 895 1164 977 restiterunt,
1192 899 1229 960 ut
1256 899 1428 980 conspecto
1452 894 1649 960 Alexandro

319 993 389 1075 ipso
414 993 546 1074 eiusque
574 993 718 1056 exercitu
742 993 819 1056 satis
842 1013 961 1077 magno
985 993 1060 1056 ilico
1083 993 1246 1078 fugerent,
1284 994 1339 1058 sed
1362 995 1396 1058 in
1419 994 1497 1079 fuga
1520 1017 1540 1058 a
1565 1017 1649 1080 rege

319 1091 413 1173 petiti
445 1091 562 1154 acriter
596 1087 886 1176 pugnaverunt.1⁴⁸)
942 1088 1126 1154 Alexander
1163 1091 1328 1156 sinistrum
1361 1114 1461 1157 cornu
1493 1092 1648 1157 hostium
1697 1131 1700 1140 ·

312 1210 491 1274 aggressus
525 1192 588 1270 est,
610 1186 795 1252 Perdiccam
827 1209 901 1252 oum
934 1189 1098 1271 equitibus
1131 1190 1165 1252 in
1197 1189 1345 1254 dextrum
1374 1191 1516 1254 immisit.
1565 1213 1648 1254 cum

319 1287 463 1369 undique
485 1287 644 1370 proelium
668 1290 815 1369 equestre
839 1287 1039 1369 movebatur,
1063 1287 1212 1352 essedarii
1236 1309 1366 1372 quoque
1389 1292 1426 1352 ut
1454 1289 1520 1352 suis
1547 1289 1647 1354 labo·

319 1385 466 1448 rantibus
498 1385 619 1448 auxilio
647 1389 768 1467 essent,
795 1386 829 1448 in
859 1385 993 1469 pedites,
1017 1386 1074 1467 qui
1098 1387 1220 1450 interea
1242 1391 1457 1470 accesserant,
1479 1388 1647 1470 impetum

320 1483 474 1547 fecerunt.
521 1482 577 1546 sed
604 1483 789 1547 essedorum
817 1505 893 1546 usus
917 1485 974 1547 illo
999 1484 1049 1548 die
1073 1488 1206 1568 propter
1227 1485 1342 1548 limum
1367 1483 1644 1571 1111010101149)

320 1585 483 1664 postremo
513 1581 626 1645 esseda
655 1581 764 1645 omnia
791 1603 865 1646 cum
893 1583 984 1664 equis
992 1579 1044 1668 150)
1072 1585 1166 1666 capta
1194 1583 1382 1665 equitesque
1410 1583 1645 1668 quadringenti

319 1680 386 1743 fere
409 1680 493 1744 oaesi
517 1676 657 1764 sunt.1⁵1)
704 1680 822 1762 reliqui
845 1681 1035 1765 effugenmt.
1081 1679 1158 1745 Pori
1187 1681 1274 1744 filius
1298 1685 1410 1745 contra
1433 1681 1540 1764 ipsum
1564 1680 1648 1746 Ale-

319 1777 476 1841 xandrum
508 1778 637 1841 fortiter
669 1799 820 1864 pugnans
832 1775 884 1863 112)
916 1779 1109 1843 interficitur
1140 1800 1177 1843 ac
1209 1801 1250 1842 ne
1283 1777 1406 1862 Spitaci
1439 1778 1569 1861 quidem
1606 1785 1648 1844 ut

319 1876 446 1939 videtur
469 1897 508 1940 ex
530 1874 591 1940 hac
614 1874 707 1940 clade
729 1876 823 1940 licuit
846 1877 987 1940 evadere.

408 1971 477 2038 Iam
496 1972 600 2038 Porus
626 1996 699 2038 cum
721 1976 862 2058 primum
882 1975 911 2038 ei
930 1975 1149 2058 nuntiabatur,
1167 1973 1386 2039 Alexandrum
1405 1976 1514 2040 conari
1533 1979 1646 2040 trans-

319 2073 446 2136 mittere
469 2072 600 2154 flumen,
623 2069 819 2136 Abhisarem
838 2071 1004 2137 advenisse
1022 2077 1111 2137 ratus
1131 2077 1186 2137 est.
1234 2095 1330 2157 quam
1350 2073 1536 2156 opinionem
1551 2072 1645 2139 Poro

321 2171 527 2235 confirmavit
560 2170 647 2253 quod
679 2171 713 2234 in
745 2172 858 2235 castris
890 2172 1017 2257 magnis
1050 2169 1215 2235 Craterum
1253 2172 1421 2255 conspexit
1453 2173 1563 2235 omnia
1601 2175 1647 2237 ad

322 2269 495 2333 transitum
518 2267 702 2333 faciendum
725 2273 835 2352 aperte
858 2273 1034 2353 parantem,
1056 2274 1094 2333 ut
1117 2269 1274 2354 cogitaret
1297 2269 1449 2356 illo-ipso
1470 2268 1647 2336 100οΑΙο

319 2368 477 2430 xandrum
515 2369 598 2432 velle
630 2365 817 2450 Hydaspem
850 2390 1007 2451 superare.
1058 2389 1132 2432 cum
1164 2371 1273 2431 tamen
1305 2367 1466 2452 fugientes
1497 2365 1646 2451 Spitacis

320 2466 446 2549 equites
469 2463 705 2548 Alexandrum,
732 2487 800 2529 non
822 2464 1029 2549 Abhisarem,
1057 2466 1135 2530 satis
1158 2464 1296 2529 validam
1323 2466 1488 2549 copiarum
1511 2470 1646 2549 partem

318 2563 476 2628 adducere
518 2564 706 2627 nuntiarent
743 2585 840 2646 seque
878 2565 1054 2628 debellatos
1090 2564 1259 2646 filiumque
1295 2562 1371 2627 Pori
1410 2561 1647 2648 Spitacemque

318 2661 505 2725 interfectos
529 2682 608 2744 esse,
630 2661 833 2744 aliquamdiu
856 2684 932 2726 sane
956 2663 1053 2726 etiam
1076 2666 1146 2725 tum
1168 2662 1308 2726 incertus
1327 2662 1456 2726 tandem
1475 2662 1510 2724 in
1528 2663 1647 2746 ipsum

318 2758 469 2845 progredi
493 2761 607 2823 statuit
629 2757 858 2845 Alexandrum,
881 2761 922 2824 ab
946 2760 1009 2824 hoc
1032 2761 1135 2824 maius
1159 2760 1222 2823 sibi
1245 2759 1429 2843 impendere
1453 2760 1647 2842 perieulum

318 2970 412 3038 ipsum
430 2969 546 3023 fluvium
566 2971 634 3024 satis
659 2973 811 3040 angustum
835 2971 873 3024 sit
897 2971 971 3041 (ride
990 2970 1147 3040 Cunningh.
1169 2971 1297 3024 chartam
1315 2970 1384 3042 VH).
1422 2971 1472 3024 1110
1491 2970 1555 3038 ipso
1576 2971 1648 3028 loco

317 3058 443 3111 pugnam
461 3042 598 3096 minorem
616 3042 727 3096 factam
746 3059 807 3096 esse
825 3045 903 3111 puto

409 3117 469 3182 148)
489 3113 667 3168 Ptolemaeus
696 3129 743 3168 eos
772 3115 870 3168 statim
897 3114 1004 3184 fugisse
1031 3116 1128 3168 narrat
1154 3113 1224 3181 (Arr.
1241 3113 1274 3180 V,
1291 3117 1361 3182 15,2)
1384 3112 1567 3166 Aristobulus
1593 3132 1648 3170 eos

318 3182 431 3254 tigatos
442 3201 511 3254 esse
526 3186 559 3239 οὐ
574 3189 700 3255 χαλεπῶς
716 3185 824 3254 πληγὰς
838 3185 1034 3256 λαμβάνοντας
1048 3187 1118 3255 (Α11.
1129 3185 1163 3253 V,
1179 3188 1257 3254 14,3).
1295 3185 1345 3238 alii
1363 3185 1408 3238 101
1427 3185 1519 3254 μάχην
1538 3188 1649 3254 appel-

318 3256 380 3310 lant
399 3256 480 3309 illum
499 3272 664 3310 concursum
684 3256 727 3326 (V,
740 3260 818 3326 14,4),
841 3260 937 3311 tamen
955 3258 1049 3310 minus
1069 3259 1200 3310 accurate
1220 3256 1250 3311 ἐν
1268 3264 1301 3327 τῇ
1321 3255 1433 3326 ἐκβάσει
1452 3255 1563 3310 factum
1579 3274 1650 3314 esse

317 3328 442 3394 tradunt,
462 3328 538 3397 quod
557 3331 653 3397 aperte
672 3331 759 3397 negat
777 3328 955 3382 Ptolemaeus
976 3329 1061 3397 idque
1080 3331 1164 3382 recte.

408 3402 470 3468 149)
490 3398 601 3453 Curtius
621 3399 696 3453 solus
716 3401 751 3453 de
774 3399 827 3453 hoc
845 3400 952 3468 proelio
972 3400 1113 3469 copiosius
1132 3401 1230 3453 narrat
1248 3398 1320 3466 VIII,
1337 3405 1396 3466 14,4
1407 3417 1447 3467 sq.

409 3474 470 3539 150)
490 3470 602 3524 (lortius
621 3471 697 3538 VHI,
719 3476 778 3536 14‚3
808 3487 888 3526 senos
907 3472 981 3525 viros
1012 3471 1132 3540 singulis
1161 3469 1266 3524 essedis
1294 3473 1388 3524 100101
1416 3487 1476 3524 0110
1504 3472 1650 3542 testatur,
1715 3445 1716 3496 i

319 3543 388 3596 duos
417 3543 568 3624 clipeatos,
597 3543 667 3596 duos
696 3543 859 3612 sagittarios
888 3543 923 3596 ab
946 3546 1066 3611 utroque
1089 3543 1178 3596 latere
1203 3542 1368 3624 dispositos,
1385 3542 1507 3625 ,aurigas
1527 3545 1651 3600 ceteros

320 3612 1651 3754 111111111111111111111111111111111111111111111

318 3757 420 3810 merati
444 3773 504 3810 esse
523 3757 655 3810 videntur
679 3759 803 3810 ceterum
826 3757 931 3811 essedis
953 3759 1011 3811 iam
1035 3756 1554 3826 0111101111111011111101(1111010101
1577 3775 1650 3814 esse

319 3828 388 3882 10111
406 3831 506 3882 notum
525 3831 574 3882 est.
612 3828 677 3881 vide
695 3827 845 3882 Lefmann:
866 3828 950 3899 (10111.
971 3831 1015 3885 111
1036 3827 1244 3895 0110131111ηό
1263 3846 1289 3897 p.
1308 3833 1409 3896 14310.

409 3898 761 3969 mmmmum

408 3974 469 4040 152)
489 3972 599 4024 addunt
621 3971 750 4024 nonnulli
774 3971 923 4040 scriptores
946 3971 1138 4025 Alexandrum
1160 3969 1338 4024 vulneratum
1362 3987 1423 4024 esse
1446 3969 1481 4022 ab
1505 3968 1571 4037 illo,
1603 3974 1647 4028 cf.

317 4041 377 4095 Arr.
393 4043 426 4109 V,
443 4048 510 4108 lla.
549 4045 643 4098 errant
667 4045 695 4096 et
718 4043 772 4096 hac
795 4042 910 4111 quidem
933 4043 963 4096 in
986 4059 1016 4096 re
1044 4045 1073 4096 et
1096 4042 1288 4111 Bucephalam
1316 4059 1420 4110 equum
1444 4057 1460 4094 a
1483 4040 1549 4094 Pori
1576 4043 1646 4099 filio

318 4114 406 4168 ictum
424 4115 553 4168 interisse
572 4114 731 4168 referentes.
769 4129 861 4182 neque
879 4114 1056 4167 Ptolemaeus
1080 4129 1171 4182 neque
1189 4113 1368 4167 Aristobulus
1387 4112 1502 4167 verbum
1521 4111 1646 4170 faciunt

317 4185 407 4238 ullum
426 4186 461 4239 de
480 4186 556 4240 laeso
575 4188 637 4240 tum
655 4185 815 4239 Alexandro
839 4187 890 4238 aut
913 4201 984 4254 equo
1004 4185 1174 4254 Bucephala.
1212 4186 1287 4238 hunc
1306 4187 1381 4238 certe
1400 4184 1548 4249 Arrianus,
1569 4185 1643 4240 Ari-

318 4256 429 4310 stobulo
457 4275 524 4311 usus
553 4260 679 4325 auctore,
707 4259 740 4310 ut
762 4257 885 4324 videtur,
909 4259 1006 4310 narrat
1024 4256 1058 4322 V,
1074 4261 1134 4322 19,4
1157 4273 1214 4310 non
1238 4273 1272 4310 ex
1293 4257 1408 4310 vulnere
1432 4255 1562 4308 interisse
1585 4260 1644 4312 sed

317 4328 461 4382 laboribus
481 4346 515 4383 ao
534 4332 678 4384 senectute
697 4328 846 4383 defessum.
884 4329 1019 4382 atrociter
1041 4329 1135 4382 hostes
1158 4327 1329 4397 pugnavisse
1348 4344 1381 4382 ex
1400 4343 1432 4381 eo
1453 4328 1645 4396 cognoscitur

318 4401 393 4469 quod
412 4403 441 4454 et
456 4400 521 4454 Pori
540 4401 614 4454 filius
629 4403 658 4454 et
673 4401 800 4469 Spitaces
820 4402 862 4469 (ut
880 4400 1001 4469 videtur)
1021 4400 1062 4453 ibi
1081 4402 1109 4453 et
1128 4399 1328 4469 quadringenti
1344 4399 1452 4467 equites
1467 4398 1643 4469 caeduntur,

318 4473 416 4526 esseda
441 4472 566 4526 omnium
590 4472 748 4540 capiuntur.
786 4472 941 4526 essedarios
966 4488 1078 4540 quoque
1097 4471 1299 4524 Macedonibus
1322 4471 1460 4524 restitisse
1479 4471 1565 4538 atque
1587 4489 1643 4540 pe-

319 4543 427 4597 ditibus
447 4543 561 4612 quidem
579 4543 732 4597 verisimile
752 4545 802 4596 est.
840 4543 928 4596 etiam
947 4559 1035 4612 equus
1053 4543 1207 4596 Alexandri
1226 4542 1399 4611 (Bucephala
1419 4544 1481 4594 tum
1498 4558 1556 4594 non
1576 4543 1643 4598 iam

317 4615 479 4682 vehebatur,
499 4616 548 4684 qui
567 4615 597 4668 in
616 4615 730 4668 dextera
749 4614 807 4667 iam
825 4614 888 4682 ripa
906 4613 985 4668 fluvii
1005 4615 1141 4669 defecisse
1154 4614 1307 4668 verisimile
1326 4614 1371 4678 sit,
1390 4613 1455 4666 vide
1469 4629 1542 4680 quae
1557 4613 1641 4670 infra

317 4686 510 4740 adnotaverim
530 4687 565 4740 de
579 4685 748 4754 Bucephalis
767 4685 845 4755 111100)
864 4686 1026 4740 vulneribus
1041 4685 1186 4741 confossus
1201 4685 1357 4740 concidisse
1371 4686 1473 4754 potest,
1492 4683 1639 4742 11011111.

317 4756 381 4825 111,
401 4762 424 4810 1.
