3506 5306
291 1382 352 1480 oe
383 1380 637 1481 Alexandri
668 1381 822 1502 Magni
853 1379 1140 1501 expeditione
1173 1378 1340 1478 Indica.

710 1558 806 1612 FASC.
826 1559 872 1612 III.

250 1705 302 1770 Ab
326 1705 474 1791 Hyphasi
497 1727 659 1791 regressus
679 1703 861 1770 Alexander
879 1705 992 1769 itinere
1021 1704 1165 1769 celeriter
1188 1703 1394 1768 confecto-
1410 1702 1472 1766 nisi

157 1805 247 1868 enim
271 1805 427 1869 imbribus
450 1804 672 1888 frequentibus
696 1804 814 1868 milites
837 1803 984 1887 impediti
1006 1825 1073 1867 non
1096 1806 1186 1866 arant
1209 1840 1251 1848 —
1274 1800 1472 1883 traiectoque

156 1902 299 1987 Hyaroti
323 1925 416 1966 amne
443 1902 484 1966 ad
507 1901 678 1967 Acesinem
701 1902 796 1966 venit.
844 1905 940 1984 atque
969 1923 1005 1965 eo
1033 1902 1121 1984 loco,
1148 1901 1204 1964 ubi
1232 1903 1325 1963 00100
1351 1899 1473 1962 flumen

158 2004 382 2086 superaverat,
410 2001 494 2064 inter
521 2001 615 2064 nrbes
645 1998 770 2064 Siallxot
794 2004 826 2064 et
847 1997 1002 2084 Ialalpur,
1029 1999 1141 2063 urbem
1169 1999 1209 2062 ab
1233 1996 1473 2082 Hephaestione

160 2121 258 2183 quem
286 2100 422 2164 iusserat
450 2099 607 2163 munitam
630 2098 778 2183 repperit.
822 2098 947 2162 videtur
970 2101 1077 2161 antem
1100 2097 1177 2162 urbs
1200 2097 1256 2160 illa
1279 2095 1473 2160 Alexandria

159 2197 236 2261 inde
259 2198 424 2262 nominata
443 2194 574 2283 0000111)
609 2197 741 2261 deduxit
758 2197 793 2260 in
812 2219 881 2260 eam
902 2197 1032 2261 colonos
1052 2217 1092 2260 ex
1110 2195 1227 2260 accolis
1246 2199 1326 2278 quot
1344 2195 1472 2275 vellent,

160 2302 195 2360 et
227 2297 495 2361 mercenariorum
527 2296 613 2360 bello
646 2296 783 2360 inutiles.
831 2295 899 2379 ipse
929 2316 1000 2359 oum
1033 2317 1099 2359 non
1132 2294 1241 2358 eadem
1270 2292 1321 2357 via
1349 2315 1412 2376 qna
1439 2293 1474 2356 in

160 2393 287 2458 Indiam
315 2398 445 2458 venerat
477 2395 574 2458 vellet
605 2393 707 2457 redire
735 2394 791 2458 sed
818 2391 984 2478 Hydaspe,
1012 2391 1162 2475 Acesine,
1193 2391 1273 2455 Indo
1297 2391 1403 2455 fluviis
1421 2411 1473 2461 ,00-

162 2493 275 2556 eundis
299 2493 333 2556 in
356 2515 443 2557 mare
465 2491 612 2556 Indicum
631 2493 792 2578 navigare,
811 2530 853 2537 -—
872 2491 980 2576 potnit
1002 2495 1109 2554 autem
1133 2490 1172 2554 de
1194 2490 1253 2554 tali
1272 2488 1474 2573 expeditione

163 2591 304 2676 cogitare
327 2591 391 2654 iam
416 2613 488 2655 cum
512 2591 630 2654 milites
654 2613 727 2654 eum
751 2591 790 2654 ab
810 2588 958 2674 Hyphasi
981 2589 1083 2653 redire
1104 2585 1323 2674 cogerent²⁷¹),
1343 2591 1473 2651 -tum

253 2806 315 2874 179)
334 2803 446 2856 videtur
469 2802 544 2855 enim
562 2819 596 2856 00
615 2817 689 2867 0000,
715 2817 787 2869 qnae
807 2800 902 2869 Steph.
917 2801 982 2869 Byz.
998 2818 1018 2853 s.
1034 2819 1057 2852 v.
1073 2799 1244 2853 Alexandria
1263 2800 1473 2852 commemorat:

157 2873 354 2943 Ἀλεξάνδρεια
371 2873 457 2928 πάλιν
473 2871 602 2942 Ἰνδικῆς.
640 2891 664 2927 ν.
680 2873 744 2927 adn.
762 2878 812 2926 186
832 2875 860 2926 01
880 2877 940 2925 144.

253 2946 315 3014 171)
334 2945 461 3014 Droysen
475 2944 501 2997 II
518 2963 545 3014 p.
563 2950 623 3012 147,
641 2943 836 3014 HertzbergH
854 2961 881 3012 p.
898 2949 948 2996 171
969 2942 1019 2996 0111
1038 2941 1186 3012 (0101100
1204 2940 1318 2995 Leaium
1336 2941 1354 2994 1.
1369 2941 1386 2994 l.
1402 2959 1429 3010 p.
1440 2947 1474 2994 41

163 3020 192 3072 01
211 3017 398 3087 appendicem
415 3016 502 3085 XXII)
526 3016 699 3070 arbitrantur
717 3015 908 3069 Alexandrum
931 3014 989 3068 100
1011 3017 1073 3068 tum
1096 3031 1159 3066 cnm
1178 3013 1213 3066 ab
1232 3013 1366 3081 Hydaspe
1385 3012 1416 3065 in
1432 3027 1474 3065 re-

163 3089 278 3160 gionem
297 3089 463 3142 orientalem
481 3089 618 3152 moveret,
641 3087 820 3156 proposuisse
840 3086 908 3154 sibi,
926 3088 959 3139 nt
977 3088 1039 3140 1010
1057 3085 1139 3138 india
1158 3085 1275 3138 subacta
1294 3117 1328 3124 -
1348 3086 1423 3137 certe
1442 3099 1476 3136 ea

164 3176 236 3228 quae
261 3159 298 3213 ad
322 3159 527 3228 septentriones
550 3158 694 3229 vergit-
713 3159 744 3211 in
766 3173 844 3212 mare
861 3157 989 3211 Indicum
1007 3157 1179 3211 decurreret.
1218 3159 1303 3224 atque
1323 3154 1475 3210 00001110-

164 3233 248 3286 dorus
267 3231 331 3298 XII,
346 3236 392 3299 89,
408 3237 424 3284 4
444 3231 489 3302 (of.
510 3232 652 3284 auctorem
672 3247 842 3298 anonymum
860 3229 927 3298 epit.
942 3229 1020 3282 Alex.
1036 3229 1073 3281 M.
1088 3228 1160 3282 Mac.
1175 3243 1227 3280 rer.
1242 3229 1312 3296 gest.
1328 3226 1475 3280 Mettensis

162 3303 201 3372 H,
217 3309 252 3356 66
271 3302 295 3357 J.
310 3302 330 3356 f.
345 3302 383 3356 kl.
399 3303 449 3355 Ph.
465 3307 507 3355 16.
528 3301 623 3371 Suppl.
643 3320 670 3371 p.
688 3304 749 3371 106)
776 3301 848 3354 talia
875 3301 979 3366 tradit,
1008 3315 1081 3368 quae
1108 3299 1235 3368 Droysen
1262 3299 1280 3352 l.
1299 3298 1318 3352 l.
1342 3297 1476 3364 reddidit,

163 3374 284 3444 pulchra
306 3374 404 3442 verba,
433 3373 482 3428 sed
505 3380 588 3427 vera?
625 3389 661 3426 ne
683 3372 737 3427 hoe
761 3372 904 3440 omittam,
932 3372 1019 3426 etiam
1042 3370 1154 3425 Curtius
1172 3371 1219 3438 IX,
1236 3377 1260 3438 1,
1275 3375 1342 3438 3sq.
1372 3369 1476 3422 similia

163 3449 268 3500 narrat.
287 3445 387 3499 Strabo
406 3444 493 3499 refert
511 3445 547 3498 de
566 3443 636 3498 silva
655 3444 692 3497 ad
705 3444 869 3512 Hydaspem
888 3443 943 3497 sita
961 3443 1058 3512 ibique
1078 3443 1196 3497 classem
1214 3441 1393 3496 aedificatam
1407 3455 1475 3506 0000,

164 3517 214 3572 sed
243 3534 299 3571 non
326 3516 427 3583 tradit,
455 3518 550 3570 utrum
576 3516 687 3570 rediens
711 3516 823 3570 demum
846 3515 1005 3570 Alexander
1029 3531 1066 3568 00
1089 3515 1147 3567 100
1170 3515 1254 3568 00100
1277 3513 1391 3568 10000011
1414 3527 1477 3566 eam

164 3589 256 3643 extrui
275 3587 326 3642 XV
344 3607 371 3658 p.
387 3593 446 3642 698.
480 3603 571 3656 neque
591 3587 700 3654 Strabo,
720 3587 796 3655 qnod
815 3587 935 3656 sumpsit
953 3586 1051 3640 Lenius
1069 3603 1096 3654 p.
1114 3591 1173 3651 111,
1193 3585 1223 3638 in
1242 3583 1293 3637 illa
1310 3585 1392 3652 parte
1410 3583 1477 3637 libri

165 3661 209 3714 001
223 3659 378 3713 Alexandri
396 3675 440 3713 res
459 3675 515 3728 quo
534 3658 632 3713 ordine
651 3661 747 3730 gestae
767 3657 824 3712 sint
843 3661 996 3724 enumerat,
1016 3657 1110 3712 sedin
1124 3657 1285 3710 universum
1300 3655 1365 3708 illas
1379 3654 1476 3708 Indiae

163 3732 293 3802 regiones
321 3732 474 3784 secundum
503 3730 587 3784 sitnm
615 3732 648 3782 nt
675 3729 717 3784 ita
745 3729 838 3783 dicam
861 3729 1082 3799 geographicum
1105 3727 1246 3782 describit.
1285 3742 1377 3795 neque
1401 3727 1477 3795 quod

164 3822 190 3873 p.
207 3809 259 3857 699
279 3801 407 3856 Το01100
426 3803 526 3857 Strabo
550 3803 761 3867 commemorat,
789 3801 875 3853 ullius
898 3799 1033 3854 momenti
1057 3802 1107 3853 est.
1145 3815 1211 3852 nam
1234 3797 1356 3868 primum
1379 3797 1475 3852 verba:

164 3877 195 3930 ἐν
214 3875 246 3928 δὲ
266 3871 394 3946 λεχθείσῃ
414 3871 465 3946 dep
486 3915 536 3927 ...
556 3876 760 3942 διηγοῦνται
778 3871 832 3926 ari.
853 3871 980 3925 indicant
998 3871 1065 3924 inde
1081 3869 1247 3924 Strabonem
1266 3885 1300 3923 ex
1319 3869 1376 3922 alio
1392 3871 1476 3938 atque

165 3949 251 4001 antea
273 3945 387 3999 haurire
410 3945 488 3998 fonte
507 3947 585 4016 (num
603 3942 763 3997 Clitareho?
790 3962 814 3996 v.
831 3943 944 3996 Leaium
962 3943 980 3996 l.
995 3943 1038 4011 1.),
1057 3943 1090 3994 01
1112 3941 1163 3995 illa
1187 3941 1223 3994 de
1242 3940 1332 3994 simiis
1351 3940 1476 3994 narratio

166 4019 203 4071 ad
231 4017 310 4071 aliud
338 4020 423 4086 atque
450 4017 528 4086 prius
556 4019 667 4085 tempus
693 4014 790 4069 referri
813 4015 903 4084 possit
926 4014 979 4068 etsi
1002 4030 1036 4067 00
1059 4028 1132 4082 qnae
1156 4013 1191 4066 de
1215 4012 1304 4066 010000
1328 4012 1478 4067 aedificata

165 4089 321 4143 afferuntur
339 4089 376 4142 ad
394 4088 534 4157 posterius
553 4087 725 4142 referremus.
763 4086 822 4140 iam
839 4103 903 4140 vero
923 4085 1022 4155 quidni
1037 4085 1149 4139 Taxiles
1168 4084 1255 4138 etiam
1272 4087 1338 4153 post
1355 4083 1477 4137 reditum

165 4160 319 4216 Alexandri
348 4160 384 4213 ad
407 4159 571 4229 Hydaspem
600 4176 663 4212 enm
690 4175 756 4228 rege
785 4173 845 4212 0000
872 4160 1001 4226 poterat?
1034 4155 1184 4211 verisimile
1210 4156 1325 4224 quidem
1348 4157 1391 4208 001
1414 4171 1478 4208 000

165 4236 265 4302 postea
297 4247 408 4300 quoque
439 4233 553 4300 praesto
586 4230 673 4284 fuisse
705 4229 872 4284 Alexandro.
919 4229 1011 4282 minus
1043 4242 1170 4297 premam
1202 4227 1286 4281 verba
1319 4226 1476 4280 Strabonis:

162 4303 338 4372 Αλέξασᾶρσς
360 4301 500 4372 κατήγαγε
523 4307 560 4374 τῷ
581 4299 703 4373 Ὑδάσπῃ
728 4300 892 4370 κόψας...
913 4299 1022 4370 στελέχη
1047 4297 1254 4368 ναυπηγήσιμα,
1274 4297 1301 4362 ἐξ
1321 4292 1360 4352 ὧν
1379 4295 1478 4352 στόλον

166 4374 387 4430 κατεσκευάσατο
414 4374 460 4428 ἐπὶ
482 4371 668 4445 00116010ογ,
705 4388 876 4441 quamquam
894 4373 940 4426 vix
958 4373 1000 4425 ita
1019 4371 1123 4441 scripta
1143 4373 1236 4424 essent
1255 4370 1279 4422 si
1296 4369 1407 4438 legatus
1427 4367 1478 4421 ali-

167 4448 239 4515 quis,
259 4446 316 4500 eive
332 4444 461 4500 Craterus
481 4445 539 4498 sive
553 4444 634 4512 alius,
653 4444 746 4498 iussus
761 4443 861 4497 fnisset
875 4443 926 4497 1110
941 4443 1041 4512 exequi
1055 4459 1119 4496 cum
1133 4442 1194 4510 ipse
1208 4458 1256 4495 rex
1270 4441 1308 4494 ad
1321 4439 1477 4505 Acesinem,

167 4518 323 4587 Hyarotim,
342 4515 501 4586 Hyphasim
520 4515 644 4570 afuisset.

256 4589 392 4642 Αο010000
412 4589 488 4658 quod
505 4605 535 4642 re
553 4603 619 4641 vera
637 4585 791 4640 Alexandri
809 4586 985 4656 propositum
1003 4585 1102 4652 fuerit,
1121 4585 1286 4653 priusquam
1304 4599 1321 4637 a
1339 4582 1478 4636 militibus

169 4663 282 4716 coactns
306 4662 381 4714 esset
403 4663 436 4713 ut
459 4659 656 4725 reverteretur,
685 4657 781 4711 docuit
799 4656 833 4725 V,
848 4663 891 4726 16,
908 4665 935 4710 1:
969 4657 994 4711 01
1017 4655 1049 4710 δέ
1071 4677 1114 4720 τις
1131 4657 1180 4710 καὶ
1199 4657 1273 4726 αὐτῷ
1291 4659 1329 4726 τῷ
1348 4657 1478 4724 πολεμεῖν

168 4737 256 4788 ποθεῖ
277 4734 398 4786 ἀκοῦσαι
422 4729 516 4800 ’ὅτιπερ
542 4731 618 4784 ἔσται
641 4726 742 4798 πέρας,
766 4726 879 4797 μαθέτω
904 4728 947 4782 ὅτι
966 4730 999 4783 od
1018 4728 1104 4796 πολλὴ
1125 4728 1164 4782 ἔτι
1182 4726 1249 4796 ἡμῖν
1267 4726 1285 4796 ἡ
1304 4726 1388 4794 λοιπή
1406 4727 1479 4782 ἐστιν

1245 4821 1259 4872 'l
