3506 5306
831 357 871 364 —
923 319 986 383 loa
1033 357 1073 364 -

298 501 353 584 qui
377 522 449 564 cum
473 497 691 564 Alexandrum
713 504 773 583 ‘per
795 497 917 562 aridam
941 497 1030 561 illam
1053 498 1137 561 inter
1160 497 1248 580 ipsos
1272 501 1304 560 et
1322 493 1492 560 Acesinem
1513 495 1607 559 sitam

296 599 460 684 regionem
485 597 696 662 adducturum
720 619 789 661 esse
812 617 879 660 non
902 599 1091 679 sperassent,
1117 599 1206 658 extra
1229 595 1342 658 urbem
1370 594 1518 678 plerique
1541 593 1609 656 sine

297 697 393 760 armis
416 696 623 782 vagabantur.
661 716 698 758 ac
722 695 829 758 subito
854 715 926 758 cum
950 693 1096 776 equitatu
1119 693 1154 756 in
1176 693 1250 756 illos
1274 693 1431 776 impetum
1454 713 1513 755 rex
1531 691 1609 754 fecit

297 795 533 877 maximamque
565 793 760 878 fugientium
789 795 913 876 partem
947 787 1128 876 occidit.³²²)
1175 791 1306 873 reliquis
1338 791 1401 854 iam
1433 790 1466 853 in
1494 789 1609 852 urbem

295 893 388 956 licuit
420 892 560 956 evadere.
607 913 703 974 quam
734 890 903 954 confestim
932 889 1095 972 equitibus
1123 888 1158 951 in
1185 889 1297 953 orbem
1326 889 1509 972 1111111-
1533 909 1609 950 nam

295 991 418 1073 pedites
442 990 586 1054 nondum
610 989 864 1052 advenerant-
884 987 975 1070 quasi
995 988 1079 1051 vallo
1101 986 1208 1050 cinxit.
1244 1007 1380 1068 cumque
1399 986 1463 1048 iam
1482 985 1609 1068 pedites

295 1089 512 1170 accessissent,
535 1086 720 1151 Perdiccam
746 1108 817 1150 cum
841 1086 981 1170 propriis
1005 1090 1037 1148 et
1059 1083 1134 1148 Cliti
1159 1085 1321 1168 equitibus
1346 1087 1377 1147 et
1396 1082 1551 1168 Agrianis
1571 1083 1610 1145 ad

295 1187 391 1250 aliam
428 1185 601 1249 Medorum
638 1185 750 1248 urbem
787 1185 820 1248 in
857 1206 954 1267 quam
991 1204 1141 1268 magnam
1180 1183 1345 1246 audiverat
1380 1180 1537 1245 Indorum
1577 1202 1610 1244 se

295 1285 453 1369 recepisse
477 1284 718 1348 multitudinem
742 1283 850 1347 emisit
873 1281 1089 1346 obsidendam.
1136 1281 1308 1364 imperavit
1330 1283 1438 1344 autem
1461 1283 1500 1343 ut
1529 1279 1610 1342 urbe

296 1385 480 1467 compulsos
495 1386 639 1446 tenerent
654 1385 864 1464 curarentque
877 1381 976 1464 nequi
990 1380 1179 1465 effugientes
1200 1379 1312 1443 ceteris
1330 1377 1418 1442 Indis
1433 1378 1609 1442 accessisse

294 1479 514 1544 Alexandrum
550 1481 749 1545 nuntiarent:
786 1480 899 1543 urbem
932 1478 1113 1563 oppugnari
1147 1478 1257 1540 vetuit.
1305 1477 1432 1559 iamque
1465 1476 1609 1560 primam

296 1601 393 1662 quam
421 1580 541 1643 adierat
567 1579 681 1643 urbem
709 1601 765 1642 rex
793 1578 861 1661 ipse
891 1577 997 1660 coepit
1021 1597 1215 1660 oppugnare.
1262 1575 1386 1656 hostes,
1415 1595 1487 1638 cum
1514 1574 1611 1637 multi
1664 1624 1666 1628 .

297 1678 378 1742 caesi
403 1679 496 1742 multi
521 1678 679 1742 vulnerati
702 1677 833 1740 inutiles
856 1679 963 1739 essent
986 1673 1025 1736 ad
1048 1673 1257 1758 pugnandum
1264 1723 1272 1756 ,
1301 1695 1428 1736 murum
1457 1671 1612 1736 deserunt

296 1776 416 1840 diutius
440 1799 513 1840 eum
537 1798 570 1840 se
593 1786 688 1859 posse
708 1774 875 1839 defendere
895 1773 1107 1856 desperantes,
1131 1771 1165 1835 in
1184 1793 1289 1835 arcem
1309 1793 1342 1835 se
1362 1773 1492 1834 vertunt
1512 1773 1611 1852 atque

295 1875 531 1957 aliquantulum
559 1873 714 1958 temporis
743 1895 782 1937 ex
810 1873 881 1935 loco
910 1871 1023 1934 altiore
1051 1873 1148 1952 atque
1176 1870 1265 1932 aditu
1290 1868 1415 1932 difficili
1443 1868 1610 1932 resistunt.

296 1993 369 2036 cum
415 1976 523 2036 tamen
569 1971 711 2054 undique
752 1970 942 2034 Macedones
988 1967 1116 2031 fortiter
1161 1988 1265 2031 arcem
1308 1969 1537 2051 oppugnarent
1579 1971 1611 2030 11

295 2068 477 2134 Alexander
499 2071 568 2154 ipse
591 2070 645 2133 hie
668 2069 736 2132 illic
760 2071 884 2132 certans
908 2067 1027 2130 milites
1051 2065 1275 2129 adhortaretur
1298 2064 1528 2146 excitaretque,
1552 2086 1608 2127 arx

295 2169 327 2232 vi
357 2172 449 2252 capta
476 2172 524 2232 est
552 2171 648 2250 atque
677 2189 787 2231 omnes
816 2167 871 2249 qui
900 2187 937 2229 eo
963 2165 1173 2250 confugerant
1198 2163 1280 2228 11111
1305 2166 1393 2246 sunt3
1427 2165 1520 2226 erant
1544 2162 1607 2225 duo

295 2267 361 2330 fere
385 2266 482 2330 milia.

384 2364 552 2428 Perdiccas
576 2363 698 2446 urbem,
722 2385 817 2445 quam
842 2366 878 2426 11
901 2361 1061 2426 obsideret
1085 2361 1202 2424 missus
1226 2362 1303 2442 erat,
1325 2359 1365 2422 ab
1385 2359 1501 2422 incolis
1522 2359 1608 2424 dere-

295 2464 404 2526 lictam
428 2462 579 2546 repperit.
612 2462 700 2545 ipsos
726 2482 798 2524 cnm
822 2482 887 2524 non
910 2461 1013 2523 multo
1037 2463 1111 2523 ante
1130 2459 1252 2544 fugisse
1271 2457 1412 2520 audisset
1431 2479 1448 2519 e
1467 2457 1607 2541 vestigio

296 2583 369 2624 cum
406 2560 569 2643 equitibus
607 2563 735 2624 secutus
765 2596 809 2604 -—
839 2558 940 2622 levius
974 2561 1113 2621 armatos
1147 2579 1243 2640 quam
1277 2559 1408 2639 possent
1443 2555 1608 2619 celerrime

295 2660 431 2723 iusserat
458 2658 594 2742 pedibus
622 2657 671 2720 uti
702 2660 870 2739 sequentes
895 2693 935 2701 -
961 2678 1072 2720 omnes
1100 2655 1264 2718 mandavit
1297 2653 1464 2717 necandos.
1513 2652 1608 2716 multi

298 2761 407 2822 tamen
429 2757 464 2819 in
486 2755 619 2840 paludes
643 2755 790 2840 effugere.

295 2958 419 3027 putarim
438 2957 564 3012 extitisse
583 2957 632 3010 ubi
651 2956 736 3010 hodie
755 2958 833 3010 extat
846 2956 902 3010 Kot
916 2955 1047 3009 Kamelia
1064 2954 1109 3024 (ef.
1126 2953 1321 3024 Canningham
1341 2971 1367 3022 p.
1384 2957 1435 3005 208
1446 2955 1498 3022 sq.)
1519 2952 1608 3006 altera

295 3029 371 3097 urbs,
390 3029 427 3082 ad
446 3046 531 3098 quam
550 3029 699 3082 Perdiccas
718 3029 814 3096 movit,
833 3028 923 3096 possit
942 3044 1001 3081 1111
1021 3027 1126 3080 Κ11111.
1164 3025 1293 3094 Harrapa
1311 3025 1409 3078 urbem
1427 3023 1516 3076 fuisse
1537 3023 1608 3078 Cun-

295 3101 432 3170 ningham
452 3100 633 3154 arbitraturi
651 3119 677 3170 p.
694 3106 745 3152 211
757 3117 796 3167 sq.
818 3099 867 3153 sed
886 3099 1015 3169 Harrapa
1033 3099 1063 3151 in
1087 3097 1202 3150 11111111
1220 3097 1373 3164 Hydraotis
1394 3095 1457 3164 ripa
1480 3095 1538 3149 sita
1558 3098 1606 3148 est.

235 3181 237 3185 '
295 3173 356 3241 ipse
370 3172 529 3226 Alexander
547 3173 613 3226 inde
633 3187 650 3224 a
664 3171 720 3224 Kot
733 3171 872 3236 Κ1111111,
891 3171 937 3224 111
952 3187 1008 3239 qua
1027 3170 1113 3222 etiam
1127 3185 1202 3222 11111
1215 3169 1342 3235 utuntur,
1361 3167 1497 3220 orientem
1512 3183 1607 3220 versus

296 3244 333 3297 ad
361 3243 510 3312 Hyarotim
536 3244 599 3297 1111
622 3243 680 3297 1111
703 3245 787 3296 11111
811 3246 886 3296 certe
910 3245 1016 3311 septem
1040 3241 1100 3294 fere
1122 3240 1203 3292 milia
1230 3238 1420 3309 geographica
1442 3253 1607 3308 progressus

295 3315 410 3386 (πολλὴν
430 3314 497 3368 ὁδὸν
516 3315 588 3380 Arr.)
608 3346 641 3354 —
661 3314 719 3368 alia
737 3316 820 3367 nocte
838 3313 930 3382 priore
950 3316 979 3366 et
997 3313 1055 3365 diei
1074 3310 1266 3365 antecedentis
1285 3315 1366 3379 parte
1386 3311 1483 3363 decem
1495 3309 1607 3362 milium

297 3387 352 3440 iter
370 3386 478 3440 fecerat
497 3419 530 3425 -
550 3387 628 3439 venit
647 3388 732 3454 atque
752 3384 788 3438 ad
808 3401 871 3438 eum
889 3385 982 3438 locum
1000 3384 1050 3437 ubi
1069 3383 1168 3436 fluvius
1184 3381 1436 3436 transmittebatur.
1465 3381 1515 3449 qui
1530 3381 1607 3434 loeus

297 3475 357 3512 esse
376 3458 466 3528 possit
485 3473 500 3510 e
518 3457 633 3526 regione
651 3456 729 3510 urbis
749 3471 821 3525 quae
840 3456 924 3509 hodie
943 3456 1093 3524 l'atih-pur
1111 3457 1209 3524 (prope
1228 3453 1362 3524 Gugerat)
1381 3453 1504 3506 vocatur.
1536 3451 1607 3506 Cun-

295 3530 431 3599 ningham
455 3544 523 3583 sane
546 3548 573 3598 p.
593 3533 658 3594 226,
683 3546 746 3582 eum
770 3527 945 3581 11Μ111111
968 3527 1065 3579 urbem
1088 3541 1184 3595 regem
1206 3525 1382 3578 vulneratum
1406 3539 1466 3577 esse
1489 3525 1607 3589 statuat,

295 3601 401 3668 urbem,
421 3617 506 3670 quam
523 3601 687 3654 transmisso
710 3599 825 3652 flumine
843 3598 963 3667 Hyaroti
982 3598 1141 3651 Alexander
1159 3597 1342 3666 expugnavit,
1362 3595 1503 3648 Tutumba
1522 3595 1607 3650 hodie

296 3671 471 3742 appellatam
489 3671 576 3726 111111
596 3671 761 3740 suspicatur.
801 3670 923 3739 spatium
946 3669 1005 3723 fere
1028 3669 1170 3736 convenit,
1190 3684 1223 3722 ac
1242 3668 1266 3721 11
1285 3667 1434 3722 eonsilium
1452 3666 1606 3721 Alexandri

296 3744 461 3812 respicimus
482 3777 515 3784 —
533 3743 624 3797 voluit
642 3743 743 3797 Mallos
763 3741 836 3796 solos
860 3741 1099 3811 aggrediensque
1123 3742 1152 3793 et
1170 3739 1373 3808 Hephaestioni
1397 3741 1426 3792 et
1444 3738 1606 3792 Ptolemaeo

295 3815 461 3884 propellere,
481 3815 529 3884 qui
549 3815 702 3870 secundum
720 3813 869 3867 Acesinem
887 3812 1057 3866 incedebant
1071 3845 1114 3878 —,
1129 3811 1205 3865 credi
1223 3813 1327 3880 posset,
1345 3828 1401 3864 non
1420 3810 1450 3862 in
1469 3809 1607 3864 orientem

295 3903 390 3940 1111111
415 3903 478 3940 eum
502 3902 519 3938 a
541 3886 598 3940 Kot
620 3885 751 3939 Kamelia
774 3885 949 3954 processisse.
988 3884 1037 3937 sed
1064 3884 1088 3936 si
1111 3882 1249 3936 Tulamba
1277 3883 1396 3934 alteram
1423 3880 1522 3934 urbem
1546 3897 1605 3935 esse

296 3957 431 4011 sumimus
459 3959 552 4010 cetera
579 3974 634 4010 non
662 3958 720 4010 iam
748 3957 896 4024 quadrant.
934 3973 1016 4024 porro
1040 3954 1182 4024 fugientes
1205 3953 1306 4007 Mallos
1331 3954 1368 4006 ad
1391 3952 1553 4020 Oxydracas
1577 3968 1605 4004 se

296 4029 413 4083 vertisse
431 4028 610 4081 verisimilius
630 4029 684 4094 est,
705 4045 790 4096 quam
809 4027 846 4080 ad
865 4027 1020 4080 Acesinem.
1057 4027 1099 4079 ita
1122 4025 1234 4078 facilius
1258 4025 1345 4078 etiarn
1369 4024 1536 4093 explicetur,
1557 4040 1606 4075 cur

296 4102 326 4154 in
346 4099 499 4169 Oxydracis
517 4099 708 4153 Alexandrum
727 4099 903 4156 vulneratum
923 4115 1058 4152 essenon
1076 4097 1147 4150 nulli
1166 4097 1341 4150 rettulerunt.
1371 4111 1458 4163 quare
1473 4095 1604 4162 equidem

296 4189 392 4242 regern
419 4187 507 4241 prope
531 4171 682 4239 Fatih-pur
699 4170 848 4237 Hyarotim
875 4169 1010 4222 transisse
1038 4169 1175 4238 putarim3
1203 4169 1232 4220 in
1260 4167 1375 4220 sinistra
1397 4165 1520 4219 fluminis
1543 4167 1605 4234 ripa

297 4244 399 4297 deinde
417 4242 533 4296 revertit
551 4257 602 4311 per
619 4241 702 4295 urbes
721 4241 858 4310 Harrapa,
878 4240 1142 4307 Tschitschawutni,
1162 4239 1314 4305 Tulumba3
1333 4255 1421 4307 prope
1435 4240 1604 4306 postremam

296 4316 399 4368 iterum
416 4314 564 4382 Hyarotim
581 4317 772 4384 transgressus
792 4316 842 4368 est.
879 4313 946 4366 urbs
969 4313 1057 4382 igitur
1075 4313 1105 4365 in
1124 4327 1180 4380 qua
1199 4311 1360 4364 vulneratus
1379 4312 1434 4376 est,
1458 4309 1488 4361 in
1508 4309 1604 4362 dextra

296 4387 359 4456 ripa
377 4385 510 4454 Hyarotis
529 4385 584 4438 sita
603 4387 671 4439 erat.

387 4461 448 4527 322)
467 4455 606 4510 immerito
624 4455 725 4510 horum
743 4456 852 4509 dierum
871 4455 973 4508 itinera
992 4455 1028 4524 (h.
1049 4471 1071 4508 1.
1092 4453 1205 4508 nuntios
1230 4455 1258 4506 et
1281 4468 1410 4506 numeros
1429 4451 1552 4520 Arriani>
1574 4449 1602 4500 in

297 4529 486 4598 suspicionem
509 4528 619 4582 vocavit
643 4527 720 4580 Yorlr
742 4544 796 4582 von
822 4526 1011 4596 Wartenburg
1033 4545 1060 4595 p.
1081 4531 1122 4578 68.
1161 4527 1269 4578 atroces
1291 4539 1405 4594 pugnae
1428 4523 1541 4575 omnino
1563 4518 1600 4572 ibi

297 4600 390 4654 factae
408 4617 464 4653 non
483 4601 556 4666 sunt,
577 4616 639 4653 eum
658 4599 761 4665 hostes,
781 4598 926 4652 eeleritate
940 4597 1093 4650 Alexandri
1112 4597 1193 4664 qnasi
1209 4595 1406 4664 obstupefacti,
1425 4611 1481 4647 non
1495 4591 1602 4646 fortiter

296 4672 465 4726 resisterent.
504 4673 626 4725 ceterum
645 4671 803 4724 Alexander
831 4687 894 4723 eum
923 4670 1052 4737 equitatu
1080 4684 1189 4736 semper
1212 4668 1297 4736 longe
1319 4665 1467 4736 processit,
1496 4663 1600 4734 pedites

297 4743 406 4797 tardius
426 4747 626 4797 successerunt.
