3496 5308
834 269 1057 335 ..50-

292 450 320 515 si
343 454 449 515 totum
473 451 648 515 exercitum
673 451 867 516 instructum
886 451 1058 515 adduceret
1075 449 1179 514 Porus
1198 471 1231 514 se
1250 471 1323 515 cum
1343 450 1508 534 equitibus
1529 449 1630 514 solis

292 571 365 613 eum
389 569 482 632 posse
506 549 648 612 detinere
672 549 748 612 dum
772 549 872 632 ipsius
895 549 1019 632 pedites
1042 549 1263 633 accessissent;
1300 549 1350 613 sin
1373 549 1513 614 transitu
1538 549 1629 612 ino-

290 647 402 730 pinato
430 647 592 730 perterriti
615 643 688 710 Indi
714 647 877 732 fugerent,
909 667 1008 731 parvo
1036 647 1192 731 temporis
1220 647 1325 730 spatio
1354 669 1386 711 se
1410 668 1504 731 posse
1530 668 1626 711 con-

291 847 351 885 esse
374 829 460 885 Coeni
484 830 608 900 Clitique
636 831 762 901 legiones
787 848 872 901 snpra
894 831 1003 902 negavi.
1046 832 1126 885 erant
1153 830 1242 901 igitur
1265 848 1328 886 cum
1351 831 1510 886 Alexandro
1537 832 1624 886 duo-

290 902 381 956 decim
399 901 503 968 millia,
532 920 615 973 porro
635 919 683 956 sex
701 903 760 957 fere
778 903 869 957 millia
888 903 1131 972 hypaspistarum,
1156 902 1258 957 deinde
1281 905 1415 972 quattuor
1433 903 1492 958 fere
1511 903 1624 957 millia

290 973 503 1044 sagittariorum
532 974 577 1043 (cf.
597 974 847 1043 Kbchly-Rdstow
874 993 901 1043 p.
917 979 968 1028 298
988 975 1063 1044 adn.)
1091 977 1120 1028 et
1142 977 1277 1044 quattuor
1300 974 1392 1029 millia
1414 975 1622 1046 Agrianomm

289 1045 334 1115 (ef.
350 1045 464 1100 eosdem
477 1045 494 1098 l.
511 1045 541 1114 l.)
561 1062 669 1100 summa
682 1045 785 1117 viginti
804 1062 851 1100 sex
870 1045 928 1101 fere
946 1046 1045 1100 millia.
1084 1046 1275 1100 adnumeratis
1290 1046 1479 1116 quadraginta
1494 1049 1622 1116 septem

288 1117 414 1171 millibus
434 1116 542 1172 Crateri
561 1117 797 1188 reliquorumque,
816 1120 892 1172 totus
911 1117 1064 1172 Alexandri
1084 1119 1222 1172 exercitus
1242 1117 1382 1187 pedestris
1401 1118 1622 1173 numerabatur

289 1191 350 1242 inm
369 1189 553 1258 septuaginta
576 1188 634 1242 fere
656 1189 712 1243 trid
735 1189 833 1244 millia.
871 1189 1023 1260 legendum
1047 1191 1141 1243 autem
1160 1189 1271 1244 videtur
1290 1189 1365 1259 apud
1384 1189 1535 1244 Arrianum
1555 1207 1620 1259 pro

290 1257 492 1330 ἑξακισχιλίωνε
514 1258 715 1332 (domnoleno)
731 1258 928 1331 ἑξακισχιλίων,
967 1261 1016 1314 sed
1035 1260 1104 1329 quid
1123 1261 1158 1314 de
1177 1260 1320 1330 equitibus
1337 1261 1520 1315 iudicandum
1542 1264 1619 1316 est?

289 1332 415 1400 quinque
437 1331 529 1385 millia
551 1332 686 1386 Arrianus
714 1333 835 1387 tradidit
857 1349 921 1385 cum
939 1332 1098 1386 Alexandro
1118 1331 1281 1401 Hydasqem
1306 1332 1422 1386 fluvium
1442 1349 1618 1401 superasse3

288 1403 364 1456 unde
389 1403 413 1456 si
436 1403 574 1456 demimus
597 1403 675 1458 mille
694 1403 769 1458 Dacs
794 1404 916 1472 equites,
936 1405 1070 1472 quattuor
1087 1406 1196 1457 restant
1214 1403 1314 1458 millia.
1350 1423 1469 1473 quorum
1487 1404 1618 1474 hippar-

290 1474 371 1528 chiae
394 1475 476 1528 haec:
505 1475 659 1528 amicorum
682 1492 795 1544 agema,
818 1474 1049 1545 Hephaestionis,
1069 1474 1232 1542 Perdiccae,
1252 1475 1388 1530 Demetrii
1408 1476 1617 1546 hipparchiae,

288 1546 384 1600 Bactri
399 1545 535 1616 Sogdiani
550 1545 679 1615 Scythae.
717 1563 783 1600 nam
801 1548 852 1600 hos
871 1549 929 1600 tres
948 1545 1034 1600 fuisse
1053 1546 1234 1616 hipparchias
1254 1546 1368 1602 docebo.
1406 1549 1542 1601 Arrianus
1558 1548 1617 1616 IV,

290 1623 354 1700 223Ι
370 1635 434 1671 cum
452 1617 663 1702 Hephaestione
683 1620 712 1672 et
729 1618 864 1672 Perdicca
882 1620 979 1672 narrat
998 1618 1151 1672 amicorum
1170 1619 1298 1688 equitum
1316 1621 1426 1710 partem
1445 1619 1615 1689 dimidiam,

291 1691 537 1830 attritas?
555 1689 1616 1832 2¹55etldtdttttbttzl,ttHabitat.“tastu

289 1829 407 1899 ἑταίρων
430 1833 615 1902 hipparchias
639 1833 808 1887 exstiterunt
831 1833 855 1886 si
874 1833 1040 1887 adnumeres
1063 1832 1094 1887 τὸ
1119 1832 1213 1902 ἄγημα
1235 1835 1268 1886 nt
1291 1835 1410 1902 oportet.
1448 1851 1523 1887 nunc
1541 1835 1615 1888 redi

289 1905 326 1957 ad
344 1905 457 1958 Arriani
476 1904 510 1972 V,
526 1910 594 1972 11,3.
632 1905 674 1958 ibi
698 1903 827 1958 Craterus
851 1921 915 1958 cum
938 1905 1052 1974 propria
1074 1904 1244 1974 hipparchia
1267 1903 1383 1958 relictus
1407 1908 1468 1959 erat
1486 1908 1515 1959 et
1532 1906 1613 1960 Ara-

289 1976 381 2028 chosis
406 1978 435 2029 et
456 1975 683 2045 Paropanisadis.
721 1976 881 2030 Alexander
904 1993 998 2030 secum
1021 1976 1141 2030 abduxit
1164 1976 1317 2030 amicorum
1341 1993 1449 2047 agema,
1472 1976 1615 2046 Hephae-

289 2047 389 2100 stionis
403 2047 554 2101 Perdiccae
569 2047 705 2102 Demetrii
720 2047 912 2116 hipparchias,
929 2048 1056 2102 Bactrios
1071 2047 1228 2118 Sogdianos
1243 2047 1369 2116 Scythas.
1407 2047 1495 2102 habes
1514 2049 1614 2118 igitur

288 2119 385 2173 decern
408 2119 473 2172 illas
497 2116 614 2186 ἑταίρων
632 2119 822 2188 hipparchias.
860 2135 926 2172 nam
950 2118 1122 2188 μισθοφόροι
1141 2118 1235 2180 ἱππεῖς
1253 2135 1317 2172 cum
1335 2119 1478 2190 Meleagro
1498 2119 1612 2189 Gorgia

288 2190 385 2244 Attalo
408 2191 501 2244 relicti
525 2191 675 2244 omittendi
700 2193 765 2244 sunt
791 2190 835 2260 (cf.
854 2190 901 2257 IV,
917 2194 997 2260 22,7).
1034 2191 1104 2245 item
1126 2191 1372 2260 praetermittendi
1399 2191 1611 2260 hippotoxotae

287 2262 342 2316 Dai
366 2261 410 2330 (cf.
429 2262 476 2330 IV,
492 2267 566 2330 23,1;
591 2265 661 2332 24,1)
686 2279 719 2316 ac
742 2279 777 2316 ne
800 2262 910 2316 mireris
934 2262 1068 2316 barbaros
1092 2262 1167 2316 inter
1190 2262 1295 2316 amieos
1323 2263 1433 2331 equites
1460 2265 1609 2318 numerari

288 2333 415 2387 conferas
435 2334 548 2388 Arriani
567 2334 652 2388 verba
670 2333 729 2401 Vll,
746 2339 788 2400 o,3
814 2333 841 2388 οἱ
862 2330 1005 2401 Βακτρίων
1028 2331 1059 2386 δὲ
1078 2334 1127 2387 καὶ
1147 2332 1173 2387 ol
1192 2335 1360 2403 Σογδιανῶν
1379 2334 1428 2387 καὶ
1443 2331 1609 2404 Ἀραχατῶν

289 2405 383 2466 ἱππεῖς
406 2406 455 2458 καὶ
477 2409 630 2476 Ζαραγγῶν
654 2403 686 2459 δὲ
709 2405 758 2458 καὶ
776 2401 889 2472 Ἀρείων
912 2405 961 2458 καὶ
979 2402 1158 2472 Παρθυαίων
1182 2405 1230 2457 καὶ
1257 2403 1286 2458 ἐκ
1305 2407 1423 2473 Περσῶν
1443 2403 1470 2458 οἱ
1490 2405 1609 2460 Εὐάκαι

288 2475 454 2545 καλούμενοι
477 2476 572 2538 ἱππεῖς
594 2473 843 2546 καταλοχισθέντες
869 2475 908 2538 εἰς
929 2475 981 2546 τὴν
1000 2474 1087 2530 ἵππον
1112 2476 1163 2545 τὴν
1183 2475 1334 2544 ἑταιρικήν,
1354 2474 1415 2530 ὅσοι
1434 2477 1527 2530 αὐτῶν
1547 2519 1552 2530 .
1576 2520 1607 2532 ..

287 2547 493 2616 ὑπερφέροντες
511 2545 662 2617 ἐφαίνοντο
682 2547 735 2602 ast.
756 2550 891 2617 (ceterum
909 2565 944 2602 ne
968 2548 1020 2600 hoc
1044 2547 1186 2602 omittam:
1215 2544 1354 2617 ἱππαρχία
1373 2547 1434 2601 iDic
1453 2547 1537 2602 aliter
1557 2549 1607 2602 in-

287 2619 444 2689 telligenda
462 2621 506 2672 est
524 2636 558 2673 ac
580 2620 684 2673 nostris
703 2620 747 2673 his
766 2619 854 2689 locis).
884 2620 934 2674 sed
952 2619 1099 2673 redeamus
1118 2618 1194 2673 unde
1213 2619 1333 2690 digressi
1353 2636 1456 2673 sumus.
1491 2622 1606 2688 septem

287 2689 472 2760 hipparchias
491 2708 555 2744 cum
573 2691 733 2746 Alexandro
752 2691 916 2760 Hydaspem
941 2691 1125 2745 transierant:
1154 2707 1250 2744 omnes
1270 2693 1405 2758 quattuor
1423 2690 1481 2745 fere
1500 2691 1604 2748 millia.

288 2763 317 2815 in
336 2778 394 2815 una
412 2762 500 2832 igitur
514 2761 613 2816 DLXX
633 2766 683 2816 ant
700 2763 795 2832 potius
810 2761 857 2816 DC
876 2762 934 2817 fere
954 2763 1063 2830 equites
1078 2762 1301 2816 continebantur.
1340 2763 1398 2816 iam
1412 2765 1469 2816 tres
1484 2762 1606 2818 relictae

288 2835 354 2886 sunt
372 2850 436 2887 eum
455 2833 583 2888 Cratero:
603 2851 698 2888 omnes
717 2834 776 2888 fere
794 2833 893 2888 MDCC
912 2833 957 2888 vel
975 2833 1104 2888 MDCCC.
1143 2833 1249 2887 additis
1267 2832 1422 2888 Alexandri
1441 2833 1500 2888 lere
1518 2835 1606 2901 quin-

288 2921 343 2974 que
361 2904 500 2959 millibus:
521 2922 569 2960 sex
587 2905 679 2959 millia
698 2906 872 2976 septingenti
891 2905 935 2958 vel
953 2904 1012 2958 fere
1032 2907 1140 2974 septem
1158 2904 1258 2972 millia,
1278 2905 1380 2975 quibus
1396 2906 1606 2962 adnumerandi

289 2978 355 3029 sunt
383 2977 437 3030 duo
465 2976 523 3031 fere
550 2977 631 3031 milia
653 2977 889 3032 mercenariorum
913 2977 1040 3044 equitum
1063 2976 1108 3046 (cf.
1128 2976 1378 3045 chhly-Rdstow
1403 2996 1429 3046 p.
1446 2983 1508 3047 298)
1535 2980 1605 3048 (tres

287 3047 502 3118 hipparchiae?)
531 3065 639 3102 summa
666 3049 792 3103 omnium
820 3049 947 3118 equitnm
974 3065 1074 3102 novem
1101 3048 1159 3102 fere
1186 3048 1285 3102 millia.
1328 3049 1498 3118 hipparchia
1526 3066 1605 3120 ergo,

288 3121 426 3186 quantum
445 3120 481 3174 ad
500 3138 647 3203 numerum
667 3121 779 3188 attinet,
799 3120 909 3175 decima
927 3136 993 3189 pars
1013 3119 1133 3190 legionis
1153 3119 1247 3174 fuerit

289 3278 349 3316 aas
368 3191 824 3333 iststftdtttttttut
845 3191 1604 3334 liststfffldtttsss..titillaretur

288 3333 447 3388 Bactrianis
472 3335 565 3390 relicti
589 3337 661 3388 sunt.
699 3337 808 3389 restant
830 3335 963 3389 undecim
989 3335 1082 3388 millia
1105 3335 1262 3404 quingenti.
1301 3351 1334 3388 ex
1357 3335 1460 3403 quibus
1489 3335 1603 3389 etiamsi

288 3406 335 3489 hic
353 3405 415 3459 illic
430 3423 490 3490 una
509 3424 572 3460 cum
590 3406 736 3476 peditibus
755 3406 869 3460 relictos
889 3422 949 3460 esse
969 3405 1079 3475 aliquos
1098 3408 1240 3476 putamus,
1260 3408 1355 3459 tamen
1370 3423 1425 3460 non
1440 3406 1603 3489 duotmillia

288 3478 678 3617 ssssszsstdusssa
702 3477 1463 3619 stat¹{stttldtdtsfdttslatita
1477 3477 1603 3617 hiladi?

291 3623 432 3674 trecentos
452 3621 647 3691 (hipparchias
665 3621 786 3676 fortasse
804 3622 915 3689 partem
930 3620 1096 3689 dimidiam).
1134 3636 1221 3688 quare
1240 3621 1365 3687 equitem
1384 3619 1601 3674 existimaverim

288 3710 344 3746 non
364 3692 526 3760 quindecim
549 3693 641 3746 millia
664 3693 714 3746 sed
739 3692 875 3746 tredecim
893 3691 952 3746 fere
970 3691 1062 3746 millia
1086 3693 1213 3760 equiturn
1231 3691 1424 3745 Alexandrum
1447 3707 1511 3746 vere
1535 3694 1600 3747 anni

289 3769 340 3817 327
365 3765 514 3818 comitatos
539 3781 612 3831 esse;
639 3764 715 3818 unde
739 3765 763 3817 si
791 3763 870 3817 mille
888 3763 977 3830 Daos,
1001 3763 1057 3816 duo
1084 3763 1175 3816 millia
1203 3763 1439 3817 mercenariorum
1466 3763 1600 3832 equitum,

290 3835 460 3905 quingentos
479 3835 538 3890 fere
557 3837 587 3889 in
611 3835 730 3906 singulis
753 3835 871 3888 urbibus
891 3837 940 3888 ant
959 3834 1116 3888 aedificatis
1135 3837 1185 3888 ant
1203 3833 1320 3888 munitis
1339 3834 1452 3888 relictos
1472 3835 1496 3888 si
1515 3835 1601 3889 demi-

290 3924 361 3974 mus,
382 3924 429 3962 sex
448 3907 540 3961 millia
563 3909 672 3961 restant
694 3908 725 3960 in
749 3907 846 3961 decem
868 3905 1050 3976 hipparchias
1070 3906 1273 3959 distribuenda.
1311 3907 1341 3959 in
1359 3923 1416 3960 una
1434 3906 1523 3978 igitur
1540 3906 1601 3976 hip-

293 3979 410 4047 parchia
428 3978 475 4032 DC
489 3979 553 4042 fere
573 3978 682 4048 equites
702 3981 790 4032 erant.

396 4050 454 4104 iam
478 4062 542 4104 eum
564 4050 685 4120 triginta
707 4049 766 4104 fere
789 4049 915 4104 millibus
941 4051 1082 4118 (accurate
1106 4066 1170 4102 curn
1188 4048 1277 4102 XXXI
1295 4049 1376 4117 mill.)
1395 4049 1519 4102 militurn
1537 4048 1600 4103 Ale-

288 4121 395 4176 xander
422 4121 451 4174 in
479 4122 562 4174 ludos
591 4122 729 4190 impetum
756 4121 849 4176 facere
872 4122 985 4190 poterat
1008 4121 1111 4174 conari.
1149 4137 1241 4189 neque
1263 4120 1381 4190 ignavos
1405 4121 1494 4174 fuisse
1518 4120 1599 4176 Indos

289 4193 464 4247 demonstrat
487 4193 563 4260 quod
587 4209 682 4247 omnes
707 4193 792 4247 duces
816 4192 958 4246 interfecti
978 4195 1051 4259 sunt,
1071 4191 1126 4246 duo
1146 4192 1197 4245 filii
1216 4191 1281 4245 Pori
1300 4194 1329 4246 et
1348 4191 1483 4260 Spitaces.
1521 4196 1600 4260 quat-

291 4267 356 4319 tuor
374 4264 466 4318 millia
485 4264 613 4334 equitum
630 4265 718 4318 Porus
738 4281 833 4319 secum
852 4264 1021 4331 adduxerat,
1045 4263 1101 4317 tria
1119 4263 1210 4317 millia
1229 4280 1312 4318 caesa
1331 4266 1404 4330 sunt,
1424 4280 1515 4332 neque
1534 4263 1600 4318 haec

289 4336 319 4390 in
342 4335 418 4406 fuga.
457 4352 656 4406 cognoscemus
680 4339 776 4390 autem
804 4352 838 4390 ex
865 4337 918 4389 hac
946 4352 1058 4404 quoque
1085 4351 1115 4388 re
1140 4335 1307 4390 validiorem
1335 4335 1423 4388 fuisse
1449 4335 1599 4389 Alexandri

291 4408 450 4476 equitatum
468 4407 553 4461 Indis.

396 4478 542 4532 redeamus
562 4479 599 4533 ad
613 4479 859 4548 Hephaestionem.
898 4477 987 4532 Clitus
1003 4477 1167 4546 Coenusque
1186 4477 1242 4532 nisi
1258 4495 1321 4531 cum
1340 4476 1480 4530 militibus
1494 4493 1598 4530 reman-

290 4551 388 4603 serunt
411 4550 440 4602 in
463 4551 526 4620 ripa
545 4551 688 4620 Hydaspis
711 4551 789 4604 fluvii
814 4551 925 4617 dextra,
949 4566 984 4602 ne
1004 4549 1197 4618 Hephaestion
1223 4549 1338 4620 quidem
1360 4548 1521 4618 praefectus
1544 4548 1598 4602 illis

288 4620 404 4674 relictus
424 4637 484 4674 esse
503 4625 604 4691 potest.
643 4622 755 4676 Curtius
775 4625 878 4689 autem,
896 4621 1005 4674 utiam
1024 4638 1109 4689 supra
1129 4621 1196 4688 dixi,
1215 4621 1292 4687 VIH,
1308 4625 1386 4687 14,15
1409 4620 1531 4674 tradidit
1547 4619 1597 4674 He-

289 4693 485 4763 phaestionem
504 4693 618 4749 affuisse
638 4712 702 4748 cum
720 4694 881 4749 Ptolemaeo
906 4693 970 4747 aliis
994 4692 1024 4746 in
1042 4689 1150 4764 pugna
1163 4695 1248 4762 atque
1266 4691 1427 4746 Alexandro
1450 4691 1512 4762 ipso
1533 4692 1597 4748 duce
