3496 5308
818 325 1038 388 -14-

276 508 365 551 arma
387 485 480 570 cepit.
522 485 576 550 sed
599 485 739 570 perdidit
763 489 795 550 et
818 507 851 549 se
875 489 907 549 et
926 482 1084 571 urbemll)
1105 507 1168 570 quo
1188 485 1344 572 confugit.
1385 479 1584 570 Orobatisll)

276 583 499 669 appellabatur
512 584 599 669 urbs,
618 587 651 648 et
668 587 785 648 natura
803 587 835 647 et
855 605 952 668 opera
969 582 1095 648 munita
1112 583 1293 658 hominum:
1313 587 1350 647 ut
1366 582 1501 668 triginta
1515 581 1583 645 dies

278 682 442 746 obsessam
462 681 589 746 demum
606 681 830 766 Hephaestion
849 684 1055 768 expugnaret.
1092 681 1162 766 ipse
1177 680 1274 746 Astes
1293 681 1327 745 in
1346 680 1426 746 urbe
1442 683 1583 744 necatur.

277 780 350 844 urbi
374 780 570 844 instauratae
595 783 627 844 et
650 780 793 844 munitae
817 780 1003 864 praeficitur
1026 778 1197 864 Sangaeus.
1234 777 1489 844 Peucelaotidem
1507 776 1584 841 Ale-

276 877 396 942 xandro
416 877 479 962 ipsi
499 878 773 963 appropinquanti
792 878 913 942 interea
927 877 1104 962 pacandam
1118 875 1341 962 Hephaestion
1354 875 1584 959 Perdiccasque

275 975 493 1060 relinquentes
518 977 557 1040 ad
580 975 696 1040 Indum
719 998 828 1040 rursus
851 975 971 1040 rediere
993 975 1079 1062 regis
1103 975 1253 1040 mandata
1275 975 1458 1059 perfecturi.

367 1073 454 1151 Quae
478 1074 554 1138 dum
578 1075 619 1138 ab
643 1073 883 1159 Hephaestione
907 1077 940 1138 et
962 1073 1112 1138 Perdicca
1135 1077 1291 1158 geruntur
1309 1072 1490 1138 Alexander
1512 1072 1583 1156 ipse

276 1193 348 1236 cum
371 1171 575 1256 hypaspistis
603 1172 777 1237 amicorum
806 1171 952 1256 equitatu
980 1170 1159 1250 dimidiato,
1189 1193 1262 1236 cum
1290 1171 1504 1255 penhetaeron
1527 1171 1584 1254 qui

276 1269 528 1354 appellabantur
550 1269 733 1357 legionibus
757 1274 789 1336 et
808 1269 997 1356 sagittariis3
1021 1291 1094 1333 oum
1111 1267 1263 1356 Agrianis
1282 1274 1314 1334 et
1332 1267 1584 1354 hippacont'istis

276 1367 310 1430 in
332 1366 535 1455 Aspasios³⁸)
563 1372 594 1433 et
619 1367 761 1433 (ituraeos
789 1368 952 1453 prooessit.
998 1367 1110 1431 relicto
1139 1367 1291 1452 Cophene
1319 1367 1450 1432 flumine
1478 1388 1583 1450 neque

366 1519 411 1586 36)
430 1517 528 1571 urbem
550 1517 641 1587 illam,
665 1517 689 1570 si
713 1517 812 1571 eadem
835 1521 879 1571 est
897 1519 983 1585 atque
1002 1515 1133 1570 Orobatis
1151 1516 1217 1570 urbs
1241 1516 1286 1587 (cf.
1306 1516 1439 1585 Droysen.
1459 1515 1492 1582 11,
1512 1517 1583 1584 114),

277 1587 306 1639 in
328 1590 411 1658 parte
434 1588 572 1658 Cophenis
595 1589 674 1643 fluvii
698 1587 912 1659 septentrionali
935 1588 1067 1642 debemus
1091 1603 1236 1656 quaerere3
1263 1589 1381 1642 eandem
1405 1589 1499 1642 autem
1522 1603 1584 1640 esse

279 1675 342 1712 eam
355 1673 394 1712 'ex
412 1658 473 1729 ipso
492 1660 611 1714 Arriano
630 1677 841 1730 cognoscemus,
867 1660 916 1728 qui
933 1659 1055 1714 breviter
1072 1659 1119 1726 IV,
1139 1665 1208 1728 28‚5‚
1228 1659 1349 1729 amplius
1367 1659 1414 1728 IV,
1434 1665 1494 1726 22,ss
1514 1657 1584 1728 quid

278 1730 307 1782 in
332 1730 432 1784 itinere
450 1731 642 1801 Hephaestion
666 1735 694 1786 et
717 1731 865 1786 Perdiccas
889 1730 1041 1802 gessissent
1064 1730 1200 1800 exposuit.
1239 1733 1323 1800 atque
1346 1730 1407 1785 loco
1430 1729 1584 1800 posteriore

277 1801 391 1855 Arriani
414 1804 463 1856 καλ
487 1800 564 1858 οὗτοι
588 1805 624 1866 ὡς
647 1805 784 1872 ἀφίκοντο
807 1804 877 1871 πρὸς
899 1803 948 1856 τὸν
964 1801 1060 1857 Ἰνδὸν
1084 1802 1210 1870 ποταμὸν
1231 1801 1368 1871 ἔπρασσον
1388 1802 1439 1856 ὅσα
1460 1798 1488 1867 ἐξ
1504 1799 1583 1855 Ἀλε-

279 1872 402 1944 ξάνδρου
420 1868 456 1943 τ’γν
474 1873 629 1945 τεταγμένα
648 1877 753 1929 narrat.
790 1876 851 1928 tum
869 1873 955 1928 refert
973 1873 1008 1927 de
1026 1873 1094 1927 Aste
1113 1872 1277 1930 rebellante.
1314 1873 1441 1941 1v‚aa‚a
1462 1871 1584 1942 primum

279 1944 313 1998 de
337 1945 406 1999 urbe
430 1949 592 2016 expugnata
616 1949 645 2000 et
666 1947 777 2000 munita
800 1945 925 2014 scripsit,
950 1944 1051 1998 deinde
1069 1944 1175 2015 pergit:
1200 1945 1236 2008 ὡς
1255 1944 1286 1999 δὲ
1305 1945 1443 2014 ἀφίκοντο
1463 1943 1541 2014 (πρός
1559 1963 1583 1998 τ.

276 2013 346 2070 'lvd
370 2020 410 2078 a.)
435 2015 573 2084 ἔπρασσον
595 2016 650 2086 ἥδη
675 2017 726 2072 ὅσα
746 2017 786 2080 είς
808 2017 839 2071 τὸ
863 2019 957 2082 ζεῦξαι
978 2017 1028 2071 τὸν
1049 2014 1145 2070 Ἰνδὸν
1168 2017 1223 2070 ὑπὸ
1240 2014 1426 2086 Ἀλεξάνδρον
1446 2012 1583 2070 ἐτέτακτο.

280 2103 314 2140 ex
342 2088 552 2158 comparatione
578 2088 702 2143 locorum
731 2089 849 2142 duorum
876 2087 997 2158 primum
1025 2090 1143 2157 apparet
1170 2087 1289 2140 eandem
1317 2103 1377 2141 esse
1400 2087 1498 2141 urbem
1520 2104 1585 2140 cum

280 2157 405 2227 Orobati,
425 2161 454 2212 et
472 2176 563 2214 errare
578 2159 741 2230 Hertaberg.
774 2159 809 2226 11,
829 2165 879 2213 210
899 2159 975 2213 Lass.
991 2159 1025 2221 ΙΙ,
1046 2164 1096 2211 135
1112 2157 1237 2228 Spiegel:
1257 2174 1325 2214 erun.
1342 2159 1452 2229 uberto.
1472 2159 1505 2225 ΙΙ,
1523 2163 1583 2212 564.

275 2229 333 2282 iam
357 2230 433 2298 quod
458 2230 592 2285 differunt
615 2230 683 2299 loci,
707 2231 803 2285 ambos
822 2230 864 2284 ita
883 2230 1095 2300 coniungemus:
1119 2229 1328 2298 Hephaestione
1348 2233 1376 2283 et
1393 2229 1527 2284 Perdicca
1547 2229 1584 2281 ad

276 2301 376 2354 Indum
399 2302 554 2372 progressis
581 2302 701 2358 rebellat
724 2303 819 2370 Astes;
848 2302 966 2356 redeunt
989 2300 1032 2354 illi
1056 2304 1084 2355 et
1106 2301 1204 2355 urbem
1227 2303 1403 2371 expugnant,
1427 2318 1512 2370 quam
1534 2300 1584 2354 ille

251 2388 255 2396 ·
276 2376 470 2442 occupaverat,
489 2373 600 2428 interea
612 2373 771 2428 Alexander
790 2373 1039 2443 appropinquavit3
1058 2389 1113 2440 quo
1131 2371 1228 2426 audito
1244 2373 1280 2426 ad
1294 2373 1394 2426 indum
1408 2374 1585 2427 revertuntur

275 2443 386 2512 reliqua
408 2445 607 2500 Peucelaotide
634 2445 760 2499 nondum
786 2447 848 2499 tota
875 2445 905 2498 in
933 2443 1073 2498 dicionem
1099 2443 1227 2498 redacta:
1255 2443 1416 2498 Alexander
1442 2444 1503 2514 ipse
1526 2443 1583 2496 iam

276 2515 396 2570 Peucela
414 2516 512 2570 urbem
532 2515 675 2570 deditione
693 2515 802 2586 recipit.

366 2585 562 2652 Quaerendum
577 2591 627 2656 est,
642 2587 692 2641 ubi
706 2587 773 2642 urbs
787 2587 839 2641 illa
852 2587 929 2641 Astis
944 2587 1094 2641 aedificata
1108 2586 1201 2641 fuerit.
1230 2585 1339 2642 Arrian.
1354 2586 1445 2641 Anab.
1459 2586 1506 2654 IV,
1522 2592 1583 2655 28‚4

277 2657 347 2712 haee
369 2657 501 2714 tradidit:
526 2658 562 2712 τὰ
585 2658 637 2730 μέν
660 2659 694 2728 δὴ
710 2653 779 2730 Ὦρα
802 2659 850 2714 καλ
873 2658 907 2713 τὰ
926 2658 1068 2728 Μάσσαγα
1092 2660 1218 2728 φρούρεα
1238 2654 1369 2728 ἐποίησεν
1388 2654 1435 2712 sat
1453 2666 1487 2729 τῇ
1506 2658 1582 2732 χώρᾳ

275 2729 310 2782 τὰ
330 2730 433 2798 Βάζιρα
455 2729 485 2786 δὲ
504 2731 586 2785 πόλιν
609 2726 761 2800 ἐξετείχισε.
799 2730 848 2784 καλ
867 2728 896 2785 ολ
912 2730 986 2800 ἀμφὶ
1001 2728 1194 2800 Ἡφαιστίωνά
1212 2747 1241 2784 τε
1260 2730 1308 2784 καλ
1327 2731 1488 2798 Περδίκκαν
1508 2729 1582 2801 αὐτῷ

276 2799 362 2870 ἄλλην
385 2801 466 2856 πόλιν
491 2801 691 2872 ἐκτειχίσαντες
720 2834 751 2842 -
778 2799 920 2874 Ὀρόβατις
943 2801 1032 2872 ὄνομα
1055 2809 1088 2872 τῇ
1111 2799 1189 2855 πόλει
1214 2795 1251 2870 ἦν
1274 2800 1323 2855 καὶ
1346 2801 1474 2872 φρουρὰν
1498 2821 1582 2854 κατα-

278 2871 406 2934 λιπόντες
429 2873 465 2935 ὡς
489 2869 535 2928 ἐπὶ
558 2875 607 2928 τὸν
627 2872 717 2928 Ἰνδὸν
740 2874 866 2942 ποταμὸν
892 2871 987 2944 ᾔεσαν.
1034 2872 1064 2925 in
1091 2875 1172 2942 parte
1199 2871 1339 2942 Cophenis
1368 2871 1582 2942 septentrionali

277 2942 437 2998 Alexander
454 2945 555 2998 Indum
572 2948 763 3016 transgressus
783 2946 827 2998 est
843 2959 934 3012 neque
949 2943 1109 3012 Cophenem
1128 2944 1163 2998 ab
1177 2942 1387 3013 Hephaestione
1406 2947 1435 2998 et
1449 2942 1583 2997 Perdicca

279 3013 397 3068 Orobati
416 3016 484 3070 urbe
503 3015 663 3070 instaurata
681 3016 718 3069 ad
732 3016 832 3069 Indum
845 3014 1085 3084 proficiscentibus
1103 3017 1265 3084 superatum
1281 3031 1341 3068 esse
1356 3014 1426 3068 dicit
1439 3013 1582 3068 Arrianus.

278 3085 335 3138 iam
358 3104 414 3155 qua
437 3087 472 3140 de
496 3104 595 3141 caussa
618 3087 731 3142 omnino
755 3086 891 3141 hocloco
917 3086 1003 3141 refert
1020 3085 1156 3139 Arrianus
1176 3085 1321 3140 Orobatim
1338 3085 1417 3139 novis
1436 3086 1522 3138 muris
1540 3085 1583 3138 in-

279 3160 415 3211 structam
434 3174 501 3226 esse,
521 3159 545 3212 si
562 3159 628 3212 urbs
642 3158 673 3212 in
687 3158 744 3212 alia
758 3176 870 3240 prorsus
884 3157 999 3228 regione
1013 3157 1069 3211 sita
1083 3156 1186 3212 fuerit?
1219 3173 1303 3226 quam
1318 3155 1448 3226 equidem
1463 3156 1585 3211 arbitror

277 3229 307 3282 in
331 3228 449 3283 confinio
473 3229 559 3299 ¹fuisse
582 3229 788 3284 Peucelaotidrs
812 3232 841 3284 et
863 3230 1067 3284 Assacenorum
1089 3227 1225 3298 regionis,
1250 3245 1341 3298 neque
1365 3229 1407 3282 ita
1429 3228 1527 3297 procul
1547 3228 1583 3280 ab

276 3299 359 3354 Horis
378 3303 408 3354 et
425 3301 564 3371 Massagis
582 3301 700 3356 urbibus
719 3300 849 3356 absitam.
1493 3369 1494 3372 Ἴ

367 3374 411 3442 37)
429 3389 529 3426 nomen
553 3373 673 3427 fortasse
696 3371 774 3426 urbis
798 3373 835 3425 ad
854 3371 1049 3426 Gandararum
1071 3371 1169 3425 urbem
1192 3371 1368 3426 referendum
1387 3374 1441 3438 est,
1465 3387 1584 3440 quorum

277 3445 363 3512 caput
381 3445 460 3498 vetus
480 3447 541 3498 erat
560 3443 709 3514 Girivraga
727 3444 813 3512 (Lass.
829 3444 863 3512 ΙΙ,
880 3449 929 3498 151
946 3461 970 3498 a.
986 3446 1025 3514 5);
1052 3442 1194 3514 significat
1211 3460 1264 3497 vox
1283 3442 1474 3514 „ffirrgmetbc¹¹.
1508 3442 1585 3495 idem

278 3531 379 3568 nornen
402 3517 464 3568 erat
487 3515 574 3584 capiti
597 3519 707 3570 vetusto
730 3514 901 3584 Kekejarum
925 3516 1012 3586 (Laos.
1031 3515 1051 3570 Ι,
1071 3533 1098 3584 p.
1118 3520 1170 3568 350
1191 3531 1215 3570 a.
1237 3518 1271 3586 1.)
1317 3513 1465 3568 Gandarae
1489 3517 1585 3568 autern

278 3585 364 3640 etiam
391 3585 547 3640 Ptolemaei
574 3587 748 3656 temporibus
776 3586 931 3658 geographi
959 3586 1034 3641 intra
1063 3587 1193 3640 Suastum
1221 3589 1249 3640 et
1276 3585 1376 3639 Indum
1404 3585 1583 3640 habitabant.

277 3655 377 3711 videl.
397 3657 456 3726 VH,
481 3675 503 3714 c.
525 3664 538 3711 1
564 3659 666 3729 μεταξὺ
690 3657 721 3713 δὲ
745 3667 794 3712 τοῦ
818 3657 964 3713 Σοοοίστον
988 3657 1036 3712 καὶ
1061 3667 1110 3712 τοῦ
1131 3655 1221 3712 Ἰνδοῦ
1246 3657 1393 3729 Γανὸολραι
1418 3657 1466 3712 καλ
1489 3655 1584 3718 πόλεις

277 3729 352 3782 ai'ds·
372 3732 495 3792 Ποκλαίς
513 3731 557 3799 (=
576 3732 778 3800 Πενκελαῶτις)
797 3725 852 3786 κτὲ.

366 3802 410 3870 38)
429 3800 542 3870 Aspasii
565 3818 628 3854 cum
650 3801 808 3871 Hippasiis‚
833 3800 963 3868 Heraeis,
986 3799 1138 3854 Assakenis
1163 3799 1239 3853 idem
1262 3803 1342 3854 erant
1365 3800 1498 3870 populus;
1522 3799 1582 3852 sine

279 3869 365 3924 dubio
384 3870 508 3939 indicus3
528 3888 595 3942 epos
613 3873 746 3926 Indorum
763 3872 863 3926 laudat
881 3887 967 3941 equos
985 3871 1109 3944 Amata,
1128 3870 1226 3940 populi
1244 3870 1332 3925 indici
1351 3871 1424 3940 (vide
1443 3870 1581 3939 Duncher,

278 3941 360 4012 dleld).
380 3943 403 3998 b.
423 3943 476 3998 att.
496 3943 542 4011 111,
563 3947 620 4014 12);
649 3943 735 3998 etiam
762 3943 847 3998 hodie
875 3943 949 3998 circa
971 3943 1088 3996 Khunar
1115 3941 1229 3994 fluvium
1252 3942 1372 4012 populus
1398 3945 1490 3997 exstat
1513 3941 1581 3994 Siah

276 4012 367 4066 Posch
386 4014 412 4068 h.
433 4030 456 4067 e.
475 4015 563 4085 nigris
581 4015 705 4069 vestibus
724 4014 829 4082 induti3
848 4013 878 4068 ni
899 4014 937 4067 ris
956 4014 1031 4068 enim
1049 4015 1166 4066 utuntur
1185 4013 1306 4082 caprinis
1324 4013 1455 4083 pellibus.
1490 4014 1582 4082 Atque

278 4084 378 4138 Strabo
406 4085 520 4153 quidem
542 4086 594 4140 XV
617 4105 644 4155 p.
664 4091 715 4140 688
743 4089 848 4155 narrat,
875 4033 1023 4139 Herculem
1050 4087 1094 4138 ter
1119 4099 1218 4154 rupem
1244 4085 1356 4140 Acmon
1384 4088 1513 4140 vocatam
1541 4084 1582 4154 (in

277 4155 417 4210 Assakeni
434 4155 549 4226 regione
568 4157 662 4226 sitam)
684 4173 771 4226 prope
789 4157 890 4210 indum
909 4172 1085 4226 oppugnasse
1104 4157 1133 4209 et
1150 4159 1195 4209 ter
1212 4155 1355 4226 repulsum
1374 4173 1447 4212 esse:
1472 4173 1581 4211 reman-

278 4226 347 4280 sisse
367 4229 462 4281 autem
481 4227 540 4281 eius
560 4227 676 4282 comites
694 4227 723 4281 in
743 4231 819 4282 terra
838 4226 958 4281 finitima
976 4243 1126 4295 eorumque
1146 4227 1304 4317 ἀπογόνοις
1323 4227 1397 4283 εῖναι
1415 4229 1479 4291 τοὺς
1493 4225 1583 4300 Σίβας
1607 4269 1619 4290 .

278 4298 323 4368 (cf.
343 4298 410 4352 Siah
428 4299 528 4369 Posch)
547 4300 671 4372 σύμβολα
689 4307 738 4354 τοῦ
757 4297 856 4368 γένους
874 4299 1022 4368 σώζοντας,
1045 4298 1076 4353 τό
1097 4318 1127 4353 τε
1146 4301 1233 4370 ὃορας
1250 4299 1429 4370 ἀμπέχεσθαι
1447 4298 1581 4369 καθάπερ

277 4371 325 4430 τὸν
340 4368 479 4438 Ἡρακλέα
499 4365 554 4426 κτὲ.
591 4371 664 4440 (vide
683 4369 770 4425 etiam
788 4369 926 4433 Schuffert
944 4370 962 4424 l.
981 4369 999 4425 l.
1019 4389 1045 4440 p.
1066 4373 1119 4440 12.)

366 4440 481 4513 Aqvaka
504 4444 598 4496 autem
620 4441 678 4510 vel,
703 4459 766 4496 oum
789 4458 857 4512 aqva
880 4443 909 4495 et
933 4458 1004 4512 aqpa
1021 4441 1098 4495 idem
1116 4441 1154 4494 sit
1171 4441 1279 4512 Indice,
1303 4441 1420 4514 quaka
1438 4441 1580 4512 proprium

277 4529 378 4566 nomen
401 4515 451 4566 aut
472 4516 579 4567 vertere
602 4511 708 4567 Graece
735 4511 900 4584 „Hippasii“
928 4512 1093 4583 („Hypasii“
1116 4511 1166 4566 ubi
1189 4513 1294 4584 legitur
1316 4513 1371 4566 nisi
1399 4514 1581 4583 depravatum

277 4601 333 4640 non
356 4587 399 4639 est
421 4584 556 4638 memoria
578 4584 772 4652 scribentium,
795 4601 846 4654 pro
870 4583 1022 4654 Hippasii),
1046 4603 1109 4638 cum
1133 4601 1203 4656 aqva
1226 4584 1330 4639 Graece
1354 4584 1391 4638 sit
1410 4587 1507 4653 ἵππος,
1532 4586 1582 4637 aut

278 4673 377 4712 sonum
395 4659 554 4726 spectantes
572 4655 646 4710 vocis
665 4656 812 4711 reddidere
832 4655 1014 4726 ‚,Assakeni“.
1051 4656 1164 4725 Aspasii
1184 4655 1265 4724 quasi
1283 4654 1402 4709 mixtum
1419 4672 1521 4710 nomen
1539 4657 1582 4710 est

279 4744 311 4783 ex
329 4728 425 4784 Indico
444 4731 473 4783 et
492 4728 606 4784 Graeco.
643 4728 768 4783 eiusdem
791 4728 888 4800 populi
910 4744 975 4797 pars
999 4727 1086 4781 etiam
1110 4726 1213 4782 Guraei
1236 4726 1360 4781 habendi
1386 4730 1452 4782 sunt
1469 4726 1582 4781 Arriani
