3506 5306
830 317 1074 382 4108-

297 503 331 564 in
363 521 468 564 arcem
502 503 533 562 'et
566 500 629 581 ipsi
660 519 719 581 pro
752 518 828 582 rege
860 498 923 560 iam
957 495 1164 561 dimicabant:
1198 499 1295 580 atque
1322 494 1444 560 Abreas
1477 496 1607 579 quidem

298 599 416 684 sagitta
438 598 472 660 in
494 596 609 660 faciem
633 599 765 679 accepta
788 596 891 679 periit.
924 593 1106 658 Alexander
1125 595 1193 678 ipse
1212 616 1270 678 per
1287 595 1451 658 thoracem
1471 595 1608 666 duorum

299 696 480 760 cubitorum
513 695 631 780 sagitta
663 715 759 777 super
792 715 966 757 mammam
999 693 1033 755 in
1064 697 1176 776 pectus
1210 691 1357 756 dextrum
1384 693 1467 758 ictus
1495 687 1609 776 est.⁸³⁶)

301 795 387 877 quod
415 793 533 857 vulnus
561 791 748 856 Ptolemaeo
777 795 859 855 teste
885 794 953 854 tam
982 811 1078 876 811616
1106 794 1174 854 6161
1201 794 1237 853 111
1264 813 1329 854 una
1357 811 1430 855 cum
1453 790 1610 876 sanguine

300 893 450 975 spiritum
479 913 518 954 ex
542 891 673 954 vulnere
703 889 834 954 efflaret.
880 894 990 952 tamen
1016 911 1073 952 rex
1097 889 1250 972 quamdiu
1274 889 1405 974 sanguis
1430 889 1555 952 calebat
1579 909 1612 951 se

301 989 501 1053 defendebat.
550 989 605 1052 sed
638 1010 711 1052 cum
744 990 865 1052 multus
898 987 1029 1072 sanguis
1062 991 1093 1050 et
1127 987 1297 1050 continuus
1327 1007 1399 1050 cum
1427 987 1544 1070 spiritu
1573 1009 1611 1049 ex

299 1089 430 1152 vulnere
454 1087 609 1169 efflueret,
632 1087 758 1171 vertigo
782 1108 856 1150 eum
876 1089 908 1149 et
927 1085 1026 1148 animi
1046 1085 1183 1149 defectio
1203 1085 1370 1167 corripuit:
1393 1085 1438 1148 ita
1456 1105 1612 1168 praeceps
1683 1107 1685 1114 ’

302 1187 336 1250 in
359 1190 487 1250 scutum
507 1182 711 1269 concidit³³⁷>
744 1183 915 1248 Peucestes
935 1183 1079 1247 celeriter
1099 1204 1209 1268 regem
1228 1204 1317 1246 sacro
1336 1182 1476 1247 Palladis
1495 1181 1613 1246 Iliacae

302 1287 393 1349 scuto
417 1287 539 1348 tectum
563 1283 713 1346 tuebatur
738 1303 810 1346 cum
830 1281 1014 1345 Leonnatus
1034 1304 1073 1344 ex
1092 1281 1224 1345 adversa
1242 1285 1333 1364 parte
1351 1282 1460 1345 hostes
1479 1281 1613 1364 repelle-

301 1379 415 1468 ret³⁸⁸>
463 1381 517 1445 sed
545 1382 607 1464 ipsi
634 1381 707 1444 telis
735 1379 901 1444 feriuntur.
947 1400 984 1443 ac
1011 1383 1081 1442 tum
1110 1401 1210 1462 paene
1233 1377 1416 1443 Alexandro
1443 1380 1512 1443 vita
1541 1400 1614 1442 cum

301 1601 436 1654 cecidisse
459 1599 611 1654 fortissime
635 1603 818 1670 pugnantem.
863 1599 1037 1652 Leonnatum
1061 1599 1167 1653 cervice
1191 1600 1315 1669 graviter
1338 1600 1396 1654 icta
1419 1599 1616 1653 semianimem

301 1671 483 1740 procubuisse
511 1674 578 1725 ante
605 1671 692 1740 pedes
716 1671 798 1740 regis.
837 1671 924 1724 etiam
942 1670 1107 1724 Peucestem
1130 1671 1220 1724 tribus
1245 1671 1357 1741 sagittis
1380 1688 1547 1740 percussum
1570 1669 1616 1722 vix

302 1759 412 1797 sacrum
436 1745 546 1796 scutum
569 1743 696 1812 potuisse
714 1741 821 1796 tollere.
860 1743 981 1812 denique
1000 1741 1163 1796 Aristonem
1182 1759 1293 1810 quoque
1313 1759 1396 1812 grave
1415 1742 1516 1796 vulnus
1537 1757 1615 1794 acce-

301 1815 385 1883 pisse.
423 1813 562 1867 Diodorus
582 1813 667 1880 XVII,
682 1819 756 1881 99,4
782 1814 851 1867 item
874 1813 1039 1867 Peucestam
1063 1811 1101 1867 δι’
1120 1811 1236 1881 ἑτέρας
1259 1811 1391 1883 κλίμακος
1413 1831 1526 1867 murum
1551 1829 1615 1866 con-

302 1885 444 1940 scendisse
465 1886 562 1939 tradit.
601 1889 708 1939 ceteros
726 1903 783 1939 non
802 1884 884 1938 affert
901 1885 1079 1951 nominatim,
1098 1886 1147 1939 sed
1167 1885 1323 1954 complures
1342 1888 1489 1955 praeterea
1508 1883 1616 1938 auxilio

301 1958 411 2011 venisse
426 1956 584 2010 Alexandro
600 1956 706 2010 scribit.
739 1957 883 2024 Arrianus,
902 1957 952 2025 qui
966 1973 1027 2026 exp.
1043 1955 1142 2022 AlVI,
1158 1963 1200 2024 11,
1216 1962 1239 2022 7,
1258 1957 1348 2011 tradit
1362 1959 1491 2010 auctores
1507 1958 1615 2010 veteres

302 2030 337 2082 de
366 2027 425 2082 solo
448 2027 585 2082 Peucesta
613 2029 642 2080 in
666 2027 716 2080 illo
740 2027 865 2096 periculo
889 2027 1080 2081 Alexandrum
1104 2029 1255 2082 adiuvante
1279 2029 1449 2096 consentire,
1476 2045 1535 2081 non
1559 2027 1615 2080 iam

302 2115 397 2154 omnes
426 2100 461 2153 de
485 2099 628 2153 Leonnato
656 2115 747 2166 neque
774 2116 857 2168 porro
886 2099 921 2152 de
944 2100 1050 2166 Abrea,
1078 2099 1227 2166 Inulae
1251 2098 1417 2154 Peucestam
1444 2101 1560 2154 tentum
1588 2099 1615 2152 et

302 2171 478 2224 Leonnatum
496 2173 709 2238 commemorat,
733 2170 807 2224 Plut.
822 2171 870 2224 vit.
886 2170 964 2224 Alex.
980 2187 1002 2224 c.
1019 2176 1052 2224 63
1072 2187 1106 2224 ex
1124 2170 1287 2225 Aristobulo
1305 2171 1472 2225 Peucestam
1491 2174 1522 2224 et
1542 2170 1615 2223 Lim-

302 2259 404 2296 naeum
426 2241 491 2310 (nisi
509 2242 598 2296 mavis
618 2242 758 2312 corrigere
778 2242 934 2311 Timaeum)
954 2242 1103 2310 quendam.
1140 2242 1324 2311 posteriorem
1344 2242 1486 2296 cecidisse.
1523 2241 1616 2294 Ptole·

303 2330 415 2368 meeum
442 2330 500 2366 une
528 2331 591 2366 cum
614 2313 774 2367 Alexandro
803 2315 831 2366 et
853 2313 991 2366 Peucesta
1019 2313 1124 2366 scalam
1153 2314 1347 2368 conscendisse
1371 2317 1400 2368 et
1422 2314 1564 2367 iacentem
1587 2313 1614 2365 in

304 2401 368 2439 arce
392 2401 487 2454 regem
511 2387 590 2438 scuto
613 2385 769 2454 protexisse
792 2384 922 2451 obtento,
950 2383 1073 2452 indeque
1097 2384 1202 2438 Soteris
1225 2402 1326 2439 nomen
1349 2387 1448 2454 postea
1472 2385 1615 2453 accepisse

303 2456 398 2510 tradi
424 2456 512 2510 refert
538 2456 674 2510 Arrianus
693 2455 740 2523 Vl,
756 2464 798 2522 11,
813 2461 837 2509 8.
884 2455 1053 2509 nominatim
1081 2455 1192 2510 (turtius
1211 2456 1258 2522 IX,
1272 2462 1297 2522 5,
1313 2463 1345 2510 21
1375 2455 1550 2510 Clitarchum
1578 2457 1615 2523 (et

303 2528 497 2598 Timagenem)
517 2527 588 2580 dicit
607 2527 655 2596 qui
675 2526 746 2580 illud
765 2526 855 2580 literis
874 2527 1059 2581 mandaverit.
1092 2527 1171 2580 cuius
1191 2530 1378 2582 commentum
1395 2530 1531 2597 repetunt
1544 2526 1614 2580 Pau-

304 2598 529 2666 66111661,6,2.
577 2594 1032 2668 8161111.Β)1.6.1.Ὀξνδράκαις.
1080 2598 1178 2670 [Ρ1111.]
1207 2599 1242 2653 de
1270 2599 1450 2654 fortitAlex.
1467 2599 1535 2652 or.I
1554 2603 1613 2652 61.

304 2672 404 2724 auctor
431 2669 572 2723 Itinerarii
599 2669 678 2724 Alex.
693 2669 729 2722 M.
746 2687 768 2723 c.
786 2674 836 2723 116
865 2670 894 2722 61
920 2668 1095 2723 Pseudocall.
1110 2670 1192 2737 1Π,4
1220 2673 1326 2724 not.12
1355 2689 1382 2740 p.
1398 2675 1431 2724 99
1461 2671 1503 2724 ed.
1520 2668 1613 2724 Muell.

304 2742 469 2796 Peucestam
493 2758 557 2794 cum
579 2741 741 2794 Ptolemaeo
765 2744 990 2794 commemorant.
1029 2744 1058 2794 et
1080 2742 1215 2795 Arrianm
1239 2745 1267 2796 61
1286 2741 1398 2796 Curtius
1417 2741 1553 2812 (Trogum
1575 2756 1615 2792 se-

304 2815 421 2882 quenst)
449 2811 611 2880 vituperant
638 2811 703 2865 illos
731 2828 794 2865 cum
817 2811 994 2866 Ptolemaeus
1022 2813 1083 2882 ipse
1108 2813 1231 2882 ‘gloriae
1260 2829 1326 2867 suae
1354 2830 1411 2866 non
1437 2811 1612 2884 refragatus’

304 2885 402 2953 (Cart.)
429 2885 580 2937 memoriae
608 2883 758 2938 tradiderit
785 2883 890 2936 afirisse
918 2899 947 2937 se
975 2886 1048 2951 tum,
1076 2885 1106 2938 in
1134 2885 1342 2954 expeditionem
1369 2886 1486 2938 missum
1510 2883 1614 2954 (111111),
1719 2936 1721 2940 .

304 2971 424 3022 cumque
443 2955 507 3008 61116
526 2955 654 3009 barbaris
673 2957 848 3025 pugnantem
866 2956 956 3079 (ΛΠ).

394 3029 456 3096 336)
475 3027 603 3080 dextrmn
622 3027 697 3080 latus
717 3029 918 3080 commemorat
953 3026 1052 3094 urtius,
1073 3027 1112 3089 εἰς
1126 3027 1158 3081 τὸ
1173 3030 1279 3095 στῆθος
1294 3071 1299 3080 .
1317 3071 1321 3080 .
1339 3027 1615 3097 bramburiensem

304 3097 481 3152 Ptolemaeus
501 3098 577 3166 apud
593 3099 755 3164 Arrianum;
775 3099 861 3152 etiem
880 3097 956 3166 quod
974 3097 1153 3152 Aristobulus
1173 3098 1253 3152 addit
1272 3099 1349 3168 apud
1362 3099 1547 3153 Plutarchum
1564 3099 1583 3151 l.
1597 3096 1614 3148 l.

305 3189 320 3222 c
344 3174 377 3222 63
400 3169 432 3222 τὸ
452 3167 531 3240 βέλος
546 3213 550 3222 .
568 3213 573 3242 ·.
591 3213 595 3221 .
611 3171 660 3224 τὸν
678 3170 798 3236 θώρακα
818 3168 962 3238 διακόψαν
981 3169 1141 3238 ἐμπαγῆναι
1160 3179 1218 3232 τοῖς
1236 3171 1300 3238 περὶ
1317 3170 1368 3224 τὸν
1387 3170 1491 3240 μαστὸν
1512 3167 1616 3230 ὀστέοις

305 3243 334 3294 61
357 3242 467 3309 postea:
495 3247 545 3308 τῆς
567 3235 667 3303 ἀκίδος
690 3237 873 3304 ἐνδεδυκυίας
897 3239 938 3294 fel
960 3249 1017 3294 τῶν
1037 3239 1139 3295 ὀστέων
1157 3241 1384 3307 16116116116661;
1412 3259 1479 3296 nam
1498 3242 1524 3296 si
1543 3243 1615 3296 intra

306 3314 397 3366 costas
416 3311 505 3365 telum
523 3312 639 3364 infixum
658 3313 731 3365 esset
749 3310 866 3381 (λέγεται
885 3312 916 3366 δὲ
935 3311 966 3365 τὸ
986 3310 1036 3380 μὲν
1054 3311 1158 3375 πλάτος
1176 3316 1235 3382 (τῆς
1249 3310 1360 3382 ἀκίδος)
1373 3322 1458 3380 τριῶν
1473 3313 1616 3368 δακτύλων

305 3376 392 3450 εἶναι,
415 3383 446 3436 τὸ
470 3383 502 3436 δὲ
526 3390 614 3452 μῆκος
632 3382 784 3450 τεσσάρων,
808 3383 881 3436 Ρ1111.
896 3383 914 3436 1.
929 3384 959 3451 1.)
979 3386 1008 3438 61
1027 3383 1050 3436 61
1069 3383 1165 3452 pulmo
1185 3385 1282 3438 dexter
1300 3386 1362 3454 ipse
1380 3386 1440 3438 tarn
1459 3386 1541 3455 gravi
1559 3385 1616 3438 ictu

305 3455 427 3509 violatus
446 3456 543 3520 essset,
561 3471 610 3508 rex
628 3455 675 3507 vix
694 3455 788 3508 sanari
806 3457 926 3523 poterat.

395 3529 457 3594 337)
475 3525 554 3596 ligno
572 3525 763 3579 Alexandrum
789 3526 825 3578 ad
848 3526 960 3596 galeam
984 3527 1072 3579 ictum
1096 3529 1181 3594 etque
1205 3527 1247 3580 ita
1265 3527 1404 3596 vertigine
1428 3527 1455 3580 ei
1474 3529 1537 3581 orta
1555 3542 1616 3596 pro-

307 3597 410 3650 cidisse
429 3598 602 3666 scripserunt
620 3597 671 3650 alii
689 3599 762 3651 teste
781 3597 899 3651 Arriano
919 3597 975 3666 (VI,
992 3603 1033 3664 11,
1050 3601 1076 3666 7)
1096 3615 1215 3666 cumque
1234 3598 1326 3652 denuo
1345 3599 1511 3652 surrexisset
1530 3597 1615 3669 sagit-

306 3670 365 3721 tam
384 3669 413 3721 in
431 3671 530 3737 pectus
550 3669 699 3738 accepisse.
732 3668 805 3721 Plut.
821 3686 844 3722 v.
861 3669 904 3722 Al.
920 3686 942 3722 c.
959 3674 992 3722 63
1011 3671 1124 3737 praeter
1141 3669 1265 3738 primum
1284 3670 1313 3723 in
1332 3673 1430 3739 pectus
1444 3670 1546 3724 vulnus
1561 3668 1616 3723 alia

307 3756 418 3808 quoque
445 3741 536 3794 multa
563 3741 679 3794 vulnera
702 3740 892 3794 Alexandrum
919 3741 1061 3808 accepisse
1084 3743 1193 3808 narrat,
1221 3743 1363 3811 postremo
1386 3741 1500 3812 πληγεὶς
1523 3737 1614 3807 ὑστέρω

219 3861 222 3871 ,
307 3809 379 3863 κατὰ
397 3819 447 3864 τοῦ
465 3810 604 3881 τραχήλον
622 3810 786 3878 προσήρεισε
805 3815 842 3882 τῷ
861 3807 945 3882 τείχει
962 3811 994 3864 τὸ
1014 3820 1091 3880 σῶμα
1111 3810 1218 3883 βλέτιων
1232 3813 1304 3880 πρὸς
1316 3813 1383 3876 τοὺς
1395 3809 1547 3880 πολεμίους
1561 3793 1612 3866 aci.

306 3881 474 3934 nominatim
493 3882 671 3936 Aristobulus
691 3885 924 3936 commemoratur
943 3883 1051 3954 ([Plut.]
1071 3883 1106 3937 de
1120 3883 1184 3938 fort.
1195 3883 1274 3938 Alex.
1285 3901 1323 3937 or.
1333 3884 1359 3937 H
1369 3901 1391 3937 c.
1404 3886 1430 3952 9)
1449 3884 1499 3952 qui
1513 3879 1613 3952 pistilli

307 3952 449 4006 ictum-in
472 3954 607 4007 cervicem
630 3953 821 4008 Alexandrum
845 3954 988 4024 accepisse
1011 3955 1169 4009 tradiderit.
1206 3954 1384 4010 Ptolemaeus
1402 3955 1521 4009 Arriano
1544 3955 1614 4008 teste

307 4024 412 4092 ταύτην
431 4023 520 4093 μόνην
538 4024 589 4093 τὴν
608 4025 717 4094 πληγὴν
735 4029 877 4094 πληγῆναι
896 4024 968 4094 λέγει
986 4025 1037 4094 τὴν
1057 4026 1084 4086 ἐς
1102 4026 1133 4080 τὸ
1153 4030 1264 4094 στῆθος,
1302 4026 1454 4080 verisimile
1473 4029 1517 4080 est
1534 4026 1613 4079 Alex·

308 4096 427 4149 andrum
446 4095 504 4150 6116
523 4113 633 4165 quoque
652 4096 768 4150 vulnera
787 4099 937 4166 accepisse,
956 4113 1030 4166 quae
1049 4114 1112 4150 cum
1130 4098 1236 4150 1611616
1255 4100 1348 4152 essent
1366 4097 1543 4152 Ptolemaeus
1561 4111 1613 4150 non

308 4167 580 4234 commemoraverit,
608 4184 643 4220 ne
667 4168 755 4221 ictum
779 4168 894 4235 quidem
917 4169 947 4222 in
966 4167 1114 4234 cervicem,
1144 4185 1207 4222 cum
1225 4186 1281 4222 non
1300 4169 1349 4223 ille
1367 4169 1442 4238 regis
1461 4165 1614 4223 valetudini

307 4239 577 4308 periculosissimum
596 4242 678 4306 esset,
698 4239 747 4292 sed
765 4239 865 4292 vulnus
884 4241 914 4292 in
933 4241 1053 4309 pectore.

398 4312 460 4378 368)
478 4311 520 4364 116
539 4310 673 4364 Arrianus
696 4326 756 4364 rem
781 4310 937 4379 descripsit.
974 4311 1055 4364 Diod.
1070 4311 1155 4379 XVII,
1172 4317 1213 4379 99,
1229 4317 1244 4364 3
1264 4329 1327 4365 cum
1346 4312 1452 4382 sagitta
1470 4324 1612 4381 percussus

308 4382 346 4434 sit
368 4381 457 4435 tradit
475 4382 665 4436 Alexandrum
688 4381 844 4436 concidisse
867 4383 897 4435 in
921 4399 1007 4453 genu,
1036 4383 1311 4452 appropinquantem
1333 4385 1429 4437 tamen
1452 4383 1552 4437 ludum
1569 4397 1613 4436 ne-

310 4469 395 4506 casse.
433 4453 490 4507 iam
507 4470 600 4507 ramos
620 4453 726 4507 arboris
745 4452 921 4522 prehendens
941 4470 1002 4507 sese
1020 4454 1140 4509 erexisse
1160 4457 1245 4522 atque
1264 4455 1301 4508 ad
1319 4471 1444 4526 pugnam
1457 4455 1541 4508 ludos
1555 4468 1611 4524 prc-

307 4541 429 4578 vocasse.
463 4523 574 4578 Curtius
593 4524 639 4593 IX,
655 4530 679 4593 6,
696 4530 728 4577 10
747 4524 938 4578 Alexandrum
956 4525 1123 4579 moribundo
1142 4526 1264 4580 similem
1277 4527 1365 4580 fuisse
1377 4526 1472 4593 refert,
1492 4527 1541 4580 sed
1555 4539 1612 4579 cum

307 4594 408 4648 Indum
421 4613 521 4650 manus
536 4597 645 4665 corpori
659 4596 764 4651 inicere
779 4596 904 4664 sentiret,
919 4597 1013 4666 animo
1027 4600 1160 4650 renovato
1174 4598 1281 4651 nudum
1295 4597 1384 4650 hostis
1398 4597 1473 4650 latus
1487 4608 1612 4650 mucrone

308 4666 449 4733 petivisse.
479 4667 580 4722 deinde
600 4667 691 4737 clipeo
711 4685 740 4723 se
755 4668 876 4723 allevare
891 4670 1023 4721 conatum
1037 4684 1098 4721 esse
1111 4671 1145 4722 ut
1159 4669 1296 4722 dimicans
1311 4670 1386 4722 certe
1401 4668 1610 4739 extingueretur.

309 4754 373 4790 cum
400 4737 453 4790 hoc
468 4738 573 4796 ,facere
600 4739 742 4808 nequiret,
770 4756 863 4794 ramos
892 4739 1136 4809 comprehendisse
1165 4741 1262 4795 (1611116
1288 4743 1374 4808 atque
1397 4741 1560 4805 surrexisse,
1586 4736 1612 4790 at
