3506 5306
691 296 929 360 -107-

153 508 314 550 nuscum
338 488 530 550 lacessentes
554 486 727 550 nonnullos
752 488 848 568 atque
871 487 977 569 ipsum
1002 486 1132 569 quidem
1157 485 1328 550 Mallorum
1352 487 1466 550 ducem

153 585 308 648 audacius
341 585 498 668 impetum
531 584 702 647 facientem
740 583 847 668 gladio
884 585 1018 648 necavit.
1065 585 1098 647 in
1131 585 1334 649 accedentem
1367 586 1465 648 alium

152 682 295 766 lapidem
329 683 404 746 iecit
436 703 574 764 eumque
606 683 652 745 ita
684 682 832 745 inhibuit.
878 704 988 746 rursus
1021 683 1055 745 in
1088 683 1186 746 alium
1219 683 1297 746 item
1326 683 1465 766 lapidem

153 779 244 863 iacit,
278 801 352 844 cum
386 783 493 844 autem
522 781 671 863 proprius
704 779 835 864 aggredi
863 780 993 844 auderet
1025 780 1100 844 ferit
1128 777 1300 866 gladium)
1347 781 1465 844 talibus

151 878 248 941 factis
277 878 370 942 editis
399 878 548 964 gloriosis
581 878 621 941 ad
648 877 867 941 Alexandrum
895 900 990 942 nemo
1019 879 1083 942 iam
1111 900 1207 942 ausus
1232 883 1281 943 est
1307 879 1466 961 accedere,

152 975 211 1040 sed
230 976 474 1040 circumstantes
492 977 565 1040 telis
585 976 726 1058 undique
745 977 904 1058 petebant.
939 977 973 1039 in
991 977 1053 1040 hoc
1073 980 1236 1040 momento
1250 975 1465 1062 tempoasffl)

152 1073 327 1138 Peucestes
351 1077 383 1138 et
406 1072 527 1138 Abreas
552 1074 716 1158 duplarius
736 1095 773 1137 ac
791 1073 975 1138 Leonnatus
995 1075 1051 1157 qui
1070 1075 1131 1138 soli
1149 1096 1258 1160 regem
1277 1075 1464 1158 priusquam

152 1173 259 1236 scalae
283 1172 403 1236 1133333
427 1173 559 1235 suntin
583 1171 709 1235 moenia
732 1173 833 1236 secuti
857 1175 947 1236 erant
974 1169 1250 1258 ascendentes335),
1273 1173 1466 1237 desiluerant

152 1373 309 1427 secundum
328 1372 522 1427 aristobulum
535 1373 681 1426 Plutarchi
695 1376 729 1442 (v.
747 1373 788 1426 Al.
805 1391 827 1427 c.
844 1375 888 1441 63)
903 1390 967 1426 3331
980 1373 1140 1428 Alexander
1153 1374 1183 1426 in
1197 1391 1290 1428 arcem
1305 1374 1466 1428 desiluisset

153 1445 251 1498 hostes
271 1444 361 1514 primo
381 1444 463 1498 effusi
482 1445 615 1515 fugerunt
634 1447 662 1497 et
681 1445 807 1515 aggressi
827 1447 892 1498 sunt
909 1460 1005 1512 regem
1024 1446 1137 1499 demum
1151 1446 1245 1514 ipsum
1258 1445 1386 1500 videntes
1401 1464 1465 1499 cum

151 1515 264 1569 duobus
291 1518 403 1570 tantum
431 1515 604 1584 hypaspistis
628 1515 775 1584 (Peucesta
803 1519 831 1570 et
854 1517 998 1584 Limnaeo)
1026 1516 1193 1570 adstantem.
1231 1517 1289 1570 iam
1317 1517 1353 1571 ab
1381 1517 1464 1571 initio

150 1587 243 1658 igitur
266 1586 427 1641 certaminis
451 1585 528 1640 illius
551 1587 581 1640 in
605 1604 668 1641 arce
692 1588 747 1642 duo
767 1588 883 1642 comites
902 1605 966 1642 cum
984 1587 1143 1643 Alexandro
1163 1590 1244 1642 eraut
1261 1591 1348 1656 (errat
1365 1588 1464 1643 Leuius
1519 1588 1522 1609 ¹

150 1678 179 1728 p.
198 1666 249 1712 139
269 1659 413 1712 affirmans
429 1657 612 1712 Plutarchum
631 1676 695 1712 cum
714 1659 832 1712 Arriano
852 1662 1022 1728 congruere).
1057 1659 1188 1714 similiter
1205 1662 1304 1714 auctor
1317 1659 1464 1714 Mettensis

151 1730 293 1800 epitomes
307 1730 341 1797 ll,
357 1736 390 1783 73
409 1732 516 1785 namet:
544 1730 728 1799 celeriterque
752 1747 784 1784 eo
808 1748 880 1783 cum
899 1731 1011 1785 tribus
1031 1731 1189 1785 ascendit
1208 1747 1241 1784 ac
1258 1749 1337 1784 muro
1357 1731 1465 1800 potitus

151 1800 1464 1943 3111111111333111111331111333111131111

151 1945 241 1998 etiam
261 1944 404 2010 Arrianus,
422 1944 616 1998 Ptolemaeum
631 1961 758 2013 sequens,
777 1945 968 1998 Alexandrum
982 1944 1073 1998 solum
1087 1945 1169 1999 initio
1184 1945 1312 1999 hostibus
1325 1945 1465 2000 restitisse

150 2016 283 2081 tradunt,
303 2015 412 2070 facinus
432 2017 491 2069 eius
511 2018 647 2086 augentes
666 2015 712 2084 (cf.
732 2015 818 2070 etiam
837 2016 950 2069 Leuium
968 2034 995 2085 p.
1013 2019 1082 2085 139).
1120 2016 1169 2070 sed
1187 2017 1217 2070 ni
1236 2017 1330 2070 omnia
1348 2033 1393 2070 me
1412 2016 1465 2070 fal-

150 2087 229 2153 lunt,
255 2087 308 2141 soli
327 2087 489 2141 Aristobulo
512 2086 543 2139 in
565 2087 619 2140 hac
642 2087 756 2155 quidem
779 2105 809 2141 re
827 2087 896 2142 fides
915 2087 1047 2141 habenda
1065 2090 1115 2142 est.
1152 2104 1219 2141 nam
1238 2089 1262 2141 si
1280 2103 1376 2141 revera
1394 2088 1464 2142 Peu-

151 2159 244 2213 cestes
268 2160 297 2212 et
319 2158 479 2214 Leonnatus
503 2161 532 2212 et
555 2159 674 2226 Abreas,
703 2176 772 2227 quos
795 2160 924 2213 nominat
943 2158 1120 2213 Ptolemaeus
1144 2160 1221 2228 apud
1244 2159 1407 2222 Attianum,
1435 2160 1464 2212 in

151 2248 265 2284 murum
288 2230 360 2284 arcis
385 2229 571 2284 ascenderant
593 2231 703 2299 (eodem
723 2230 785 2284 loco
803 2229 853 2286 ubi
872 2230 1031 2284 Alexander
1050 2231 1215 2284 ascenderat
1233 2230 1384 2299 hostesque
1402 2247 1464 2300 rep-

151 2301 266 2370 pulerat
285 2303 370 2370 atque
389 2302 450 2370 ipse
469 2301 498 2354 in
516 2302 615 2355 urbem
634 2301 810 2371 (taeduerat),
830 2301 994 2371 priusquam
1013 2301 1121 2356 fractae
1140 2303 1221 2356 erant
1239 2302 1345 2368 scalae,
1364 2302 1464 2371 quidni

152 2374 276 2427 statim
295 2376 360 2442 post
377 2389 473 2442 regem
492 2373 617 2426 adiuturi
636 2372 819 2427 desiluerint?

244 2448 306 2514 333)
320 2443 362 2498 ita
376 2444 589 2514 interpretanda
604 2447 670 2500 sunt
683 2445 795 2498 Arriani
809 2446 906 2510 verba,
921 2448 978 2499 tres
993 2445 1081 2515 igitur
1094 2445 1189 2499 hostes
1204 2447 1285 2498 eraut
1298 2445 1328 2498 in
1342 2461 1463 2498 summa:

152 2515 277 2584 primum
305 2518 334 2570 et
361 2516 476 2570 tertium
501 2516 614 2570 necavit
636 2533 696 2582 rex,
725 2516 879 2570 secundum
902 2516 1034 2585 reppulit.
1072 2516 1176 2570 erravit
1198 2516 1287 2586 igitur
1309 2515 1465 2586 Hertaberg

151 2588 187 2654 11,
202 2594 254 2641 313
280 2587 417 2641 scribens:
448 2587 536 2658 ‘fimet
560 2589 652 2644 311133
675 2588 788 2658 [tacete
811 2587 986 2657 31131313
1010 2587 1319 2656 irrestauratae
1342 2587 1465 2656 sieten

153 2659 197 2714 ein
220 2659 323 2716 aseae
351 2660 422 2729 stloq
451 2659 543 2716 11113131
571 2658 665 2728 lanam
688 2659 842 2728 6111133113
881 2658 981 2712 31311113
1001 2659 1139 2727 Droyseni
1166 2677 1242 2713 error
1261 2659 1296 2727 (Π
1312 2665 1376 2712 1841
1406 2659 1465 2715 ‘ein

153 2730 265 2798 1111113,
285 2731 328 2787 eiu
342 2730 445 2788 3111111
463 2731 524 2799 linit
542 2735 618 2787 anter
637 2733 681 2787 313
696 2730 799 2801 1113133
813 2729 929 2800 61111331
937 2732 957 2811 )
976 2734 1005 2785 et
1019 2730 1095 2785 Lezii
1113 2749 1140 2800 p.
1157 2735 1191 2784 30
1210 2731 1231 2799 (‘
1237 2730 1325 2784 Al...
1342 2731 1464 2784 ducem

152 2775 285 2856 ludoruin
304 2802 432 2870 aliosque
446 2801 603 2872 complures
617 2801 716 2885 gladio
728 2801 928 2872 lapidibusque
942 2801 1090 2856 mterficit’
1093 2804 1110 2872 ).
1145 2805 1269 2856 ceterum
1283 2801 1353 2855 duos
1367 2801 1464 2872 gladio

153 2873 190 2927 ab
209 2873 369 2928 Alexandro
387 2876 503 2928 necatos
523 2872 634 2928 Curtius
653 2874 732 2928 novit
749 2873 796 2940 IX,
811 2878 836 2940 5,
851 2880 867 2927 8
886 2874 1009 2944 (ignorat
1026 2873 1077 2928 hos
1096 2873 1259 2957 Diodorus),
1278 2875 1308 2928 et
1325 2873 1464 2927 Diodorus

153 2948 183 3000 et
197 2945 309 3000 Curtius
329 2962 393 2999 eum
411 2945 460 3014 qui
479 2945 670 2999 Alexandrum
689 2945 796 3027 sagitta
813 2945 983 3014 percusserit
1003 2962 1067 2998 oum
1088 2945 1203 3015 propius
1223 2945 1260 2998 ad
1273 2945 1463 2998 Alexandrum

153 3016 349 3072 concidentem
372 3018 531 3084 accederet,
558 3018 594 3071 ab
617 3017 667 3070 illo
691 3016 764 3070 ferro
783 3016 871 3071 ictum
890 3032 951 3070 esse
970 3016 1069 3070 sciunt.
1107 3032 1194 3086 quare
1213 3017 1248 3070 ds
1266 3033 1382 3070 nurnero
1401 3033 1452 3070 cae

154 3105 248 3142 sorum
267 3087 378 3142 Curtius
397 3088 442 3153 IX,
459 3093 484 3154 5,
500 3093 532 3142 12
561 3090 637 3142 recte
660 3088 753 3157 potuit
776 3087 909 3142 scribere:
945 3087 1092 3142 ‘iacebant
1115 3089 1190 3142 circa
1212 3104 1308 3157 regem
1330 3088 1463 3142 3113331-

153 3161 247 3228 pora’.
285 3177 321 3214 ne
339 3160 393 3214 hoc
411 3159 554 3214 omittam:
573 3159 687 3214 Aniani
706 3159 823 3228 ἡγεμών,
843 3175 927 3227 quem
942 3159 1100 3213 Alexander
1117 3159 1147 3212 in
1166 3175 1230 3213 arce
1245 3159 1358 3226 occidit,
1378 3161 1464 3228 atque

153 3230 243 3285 Curtii
271 3231 327 3284 dux
355 3231 487 3285 Indorum
515 3233 541 3298 (e
564 3234 649 3302 gente
668 3230 878 3299 Oxydracarum
901 3233 1039 3300 sumptus)
1068 3233 1134 3284 ante
1162 3247 1287 3300 pugnam
1310 3233 1385 3284 certe
1408 3248 1464 3284 nou

154 3305 219 3356 sunt
242 3302 342 3356 eidem.
381 3305 479 3356 auctor
497 3302 644 3356 Mettensis
663 3302 701 3368 II,
717 3307 749 3354 77
774 3303 834 3371 (qui
857 3303 932 3356 totas
955 3319 999 3357 res
1023 3301 1137 3356 1113313
1154 3303 1315 3356 universum
1333 3301 1464 3358 similiter

153 3376 249 3427 narrat
277 3373 372 3428 Curtio
400 3374 603 3443 Diodoroque),
635 3375 833 3443 imperatorem
862 3373 923 3442 Oxy
924 3374 1072 3427 dracarum
1104 3375 1133 3427 et
1160 3373 1309 3428 Mallorum
1335 3373 1464 3427 nominat

154 3445 295 3498 Sambum
325 3462 443 3515 cumque
454 3443 565 3499 Curtius
585 3446 691 3499 scribat
711 3445 771 3498 ‘sed
790 3444 867 3498 haud
885 3445 1008 3500 traditur
1025 3448 1139 3499 metune
1158 3461 1194 3499 an
1212 3444 1312 3499 oborta
1325 3445 1464 3499 seditione

154 3517 262 3570 inter
254 3534 330 3585 rpsos
359 3516 452 3570 subito
480 3518 666 3608 profugerunt
693 3515 822 3570 barbari’
852 3516 909 3586 (IX,
924 3523 940 3570 4
947 3519 1027 3585 ‚25),
1055 3516 1193 3570 Diodorus
1212 3515 1301 3581 XVII,
1317 3521 1350 3569 98
1378 3515 1463 3570 πάλιν

154 3587 352 3651 στασιάσαντες
370 3587 423 3642 dat
425 3609 440 3656 ρ
459 3588 541 3656 τῆς
527 3584 677 3658 ηγεμονίας
696 3588 736 3649 εἰς
722 3587 803 3650 eade
818 3588 952 3656 σύνεγγυς
965 3586 1059 3651 πόλεις
1072 3588 1265 3658 ἀπεχώρησαν,
1285 3590 1383 3641 333331
1393 3587 1463 3642 Μ31

153 3659 240 3713 tensis
261 3659 347 3712 aliam
366 3660 420 3713 scit
439 3675 553 3713 causam
572 3659 667 3726 1175:
694 3660 773 3713 ‘cum
791 3659 835 3712 his
854 3661 970 3728 paratus
989 3659 1089 3728 (Alex)
1107 3662 1141 3714 ut
1159 3658 1323 3740 confligeret
1340 3659 1410 3726 acie,
1430 3676 1463 3713 ex

154 3731 355 3785 Macedonibus
381 3731 497 3798 quidam
521 3731 667 3800 catapulta
685 3731 774 3784 telum
792 3730 932 3799 tripedale
950 3731 1036 3785 misit
1074 3731 1104 3784 id
1123 3729 1228 3784 accidit
1245 3731 1278 3782 ut
1297 3747 1392 3784 eorum
1411 3729 1463 3783 im-

153 3804 311 3872 peratorem
326 3801 460 3856 Sambnm
477 3804 628 3871 utrumque
646 3802 738 3856 femur
756 3802 941 3872 transfigeret,
959 3801 1004 3856 uti
1022 3801 1172 3882 procedere
1191 3801 1327 3884 nequiret
1365 3801 1396 3854 id
1413 3802 1464 3855 ubi

153 3871 268 3927 barbari
291 3876 508 3942 conspexerunt,
534 3874 677 3943 perterriti
701 3890 734 3928 ac
756 3873 897 3943 firgientes
921 3890 951 3928 se
974 3873 1079 3943 partim
1102 3872 1142 3942 (in
1165 3873 1242 3926 avios
1265 3875 1374 3927 montes
1399 3890 1463 3926 con-

153 3945 289 4014 iecerunt)
307 3945 438 4014 partim
431 3963 460 3998 m
479 3946 616 4014 oppidum
635 3945 845 4016 confugerunt&
874 3961 918 3998 res
933 3947 1030 4014 aperte
1044 3944 1117 3998 ficta
1145 3960 1248 3999 nomen
1262 3944 1464 3998 autemSambi

154 4017 269 4099 alterius
297 4016 374 4069 illius
398 4017 434 4070 ab
458 4020 571 4071 auctore
595 4017 732 4086 epitomes
756 4032 790 4070 ea
812 4016 931 4070 fortasse
955 4017 990 4070 de
1014 4032 1099 4070 causa
1117 4015 1165 4069 hic
1183 4015 1312 4083 affertur,
1340 4017 1416 4084 quod
1435 4018 1464 4069 et

154 4089 181 4142 in
197 4089 352 4157 Oxydracis
362 4088 512 4156 Mallisque
527 4091 780 4142 commemorantur
789 4087 941 4142 Brahmani
957 4089 1119 4156 (eorumque
1132 4088 1199 4141 urbs
1214 4087 1291 4157 apud
1300 4059 1462 4152 Arrianum3

154 4160 214 4229 ipse
238 4162 336 4214 auctor
354 4159 501 4214 Mettensis
524 4159 602 4214 brevi
621 4163 687 4214 ante
706 4159 857 4229 epistulam
876 4175 971 4213 eorum
990 4159 1027 4212 ad
1045 4157 1235 4213 Alexandrum
1254 4159 1388 4228 scriptam
1406 4161 1462 4211 tra-

155 4231 275 4300 diderat)
303 4233 332 4284 33
353 4230 472 4285 Sambus
491 4231 688 4285 aBrahmanis
711 4231 756 4286 vel
779 4230 1019 4314 gymnosophistis
1042 4230 1177 4285 incitatus
1201 4230 1305 4284 dicitur
1328 4230 1373 4298 (cf.
1389 4229 1461 4283 Plut.

154 4321 176 4356 v.
192 4303 235 4357 Al.
252 4320 275 4356 e.
291 4305 343 4372 64)
382 4319 458 4356 31131
476 4302 564 4372 igitur
582 4305 678 4372 posset
696 4319 757 4356 esse
776 4302 912 4372 epitomes
932 4302 1061 4356 auctoris.

242 4377 305 4443 334)
324 4373 366 4427 133
392 4373 570 4428 Ptolemaeus
598 4375 674 4443 apud
701 4374 851 4428 Arrianum
874 4373 1026 4440 V1,1o,1.
1064 4373 1089 4426 si
1115 4371 1309 4428 Aristobulum
1337 4370 1463 4440 sequaris

154 4445 210 4499 iam
229 4446 348 4499 aderant
367 4445 422 4499 duo
442 4445 558 4499 comites
578 4462 641 4499 cum
660 4462 708 4499 rex
727 4444 777 4499 1113
796 4445 873 4499 facta
892 4416 995 4499 ederet
1030 4446 1105 4498 certe
1123 4461 1179 4498 non
1193 4443 1314 4498 multum
1327 4443 1462 4512 temporis

155 4517 183 4569 iu
202 4517 237 4570 iis
257 4519 454 4585 consumptum
473 4533 533 4570 esse
551 4516 703 4570 verisimile
722 4519 771 4570 est.
810 4516 884 4586 (vide
903 4516 990 4570 etiam
1009 4516 1070 4570 Lea
1090 4534 1117 4585 p
1133 4518 1186 4585 60.)

244 4591 306 4654 335)
326 4587 437 4641 Curtius
465 4589 562 4641 narrat
578 4587 625 4655 IX,
640 4593 664 4654 5,
682 4594 714 4641 14
742 4587 907 4642 Peucestam
934 4604 984 4657 per
1011 4588 1098 4641 aliam
1126 4586 1246 4656 oppidi
1269 4588 1379 4655 partem
1402 4586 1463 4656 regi

155 4659 259 4714 auxilio
282 4658 404 4725 venisse,
433 4677 488 4730 quo
511 4659 570 4713 viso
589 4631 810 4713 Alexandrum'
802 4677 832 4712 rn
856 4661 966 4713 scutum
990 4659 1153 4712 concidisse
1190 4658 1247 4710 iam
1270 4658 1463 4726 supervenisse

155 4729 312 4799 Timaeum,
337 4702 439 4786 deiride
462 4731 650 4799 Leonnatum,
674 4734 815 4800 postremo
834 4730 1004 4785 Aristonum.
1041 4747 1098 4784 non
1121 4729 1210 4785 multo
1233 4731 1297 4799 post
1315 4729 1463 4784 Timaeum
