3496 5308
858 319 1079 382 ...28-

318 479 441 566 egredi‚
470 478 573 564 ipsam
601 483 728 562 petram
752 479 867 543 statuit
891 478 1021 544 adoriri:
1049 479 1135 543 fama
1158 480 1293 544 fortasse
1318 481 1488 563 praeterea
1507 480 1636 562 motus,

317 599 493 661 numquam
525 577 629 641 adhuc
661 575 807 661 potuisse
840 599 910 641 eam
943 577 1123 663 expugnari
1155 599 1195 642 ne
1228 599 1247 640 a
1279 599 1355 664 rege
1388 575 1517 660 quidem
1548 596 1634 639 suae

317 676 432 740 aetatis
450 675 692 760 potentissimo3
711 697 807 759 quem
826 671 1020 740 Graecorum
1036 675 1209 740 Herculem
1228 674 1327 756 fuisse
1347 697 1419 739 cum
1433 671 1634 738 Macedones

317 773 379 838 sibi
416 770 707 860 persuaderentw),
743 772 879 859 gloriam
916 773 980 837 sibi
1017 773 1160 837 futuram
1197 772 1340 857 speravit
1372 793 1440 837 esse
1472 793 1633 857 magnam

317 871 490 956 praecipue
513 871 602 956 apud
624 870 753 955 milites,
776 870 804 936 si
826 875 953 955 petram
976 871 1065 935 illam
1088 871 1203 935 fuisset
1226 872 1388 954 capturus.

405 968 468 1034 Sed
499 974 588 1033 recta
619 968 671 1032 via
702 991 773 1033 eam
803 990 869 1033 non
899 969 1026 1034 videtur
1055 968 1209 1053 petivisse
1238 973 1374 1054 propter
1401 966 1557 1051 temporis
1581 1005 1633 1013 —

316 1089 391 1131 nam
423 1067 528 1132 hiems
559 1067 627 1131 fere
660 1071 728 1131 erat
761 1071 793 1131 et
824 1069 951 1132 montes
980 1066 1111 1132 nivibus
1139 1065 1248 1132 obruti
1276 1103 1320 1113 —
1348 1069 1381 1131 66
1407 1065 1551 1130 locorum
1580 1065 1633 1128 111-

316 1165 489 1249 iquitatem
530 1165 683 1230 aviorum.
747 1187 845 1250 quare
881 1164 1041 1253 Massagis
1076 1164 1239 1249 Horisque
1276 1163 1449 1229 exstructis
1484 1163 1633 1227 castellis

316 1262 570 1346 Bazirorumque
593 1262 763 1328 moenibus
787 1263 1004 1328 exaedificatis
1022 1299 1066 1312 -
1085 1263 1119 1327 in
1143 1262 1276 1328 Orobati
1298 1262 1379 1326 urbe
1398 1261 1461 1326 sita
1479 1261 1510 1324 in
1530 1259 1632 1325 Assa-

318 1383 470 1425 cenorum
499 1364 532 1425 et
554 1360 809 1426 Peucelaitarum
837 1361 989 1445 confinio,
1020 1361 1061 1424 ab
1085 1359 1327 1444 Hephaestione
1351 1359 1472 1424 milites
1495 1358 1633 1423 relictos

319 1481 388 1523 esse
412 1481 511 1543 supra
533 1459 597 1522 iam
620 1459 801 1524 audivimus
819 1497 863 1506 -
882 1463 915 1523 et
937 1458 1063 1545 regioni
1082 1458 1168 1522 intra
1187 1457 1308 1522 Choem
1327 1463 1360 1522 et
1377 1456 1492 1522 Indum
1510 1456 1632 1522 fluvios

320 1556 471 1620 subactae
508 1560 638 1640 satrapa
675 1556 839 1640 praefecto
876 1554 1083 1643 Nicanoreffl)
1120 1556 1261 1640 primum
1297 1556 1331 1620 in
1367 1555 1632 1621 Peucelaotidem

318 1654 480 1739 regionem
520 1655 686 1738 profectus
718 1658 776 1719 est.
832 1659 930 1740 atque
961 1655 1098 1720 Peucela
1129 1653 1269 1742 urbe⁸²),
1305 1653 1410 1719 media
1442 1655 1509 1718 fere
1541 1653 1632 1717 inter

316 1751 431 1816 ludum
464 1756 497 1817 et
525 1751 677 1818 Suastum
709 1752 824 1818 fluvios
856 1753 966 1837 paullo
997 1775 1095 1838 supra
1124 1752 1308 1837 Cophenem
1336 1756 1373 1817 ut
1400 1751 1527 1817 videtur
1554 1751 1631 1835 sita,

317 1887 531 1895 ——-—----

407 1967 452 2034 80)
472 1964 515 2018 ita
541 1963 734 2019 narrationem
761 1963 841 2018 illam
869 1964 904 2017 de
927 1962 1046 2018 Hercule
1074 1964 1296 2035 intellegendam
1323 1981 1384 2019 6666
1407 1964 1486 2031 duxi3
1514 1981 1631 2034 prorsus

318 2035 445 2090 fabulam
468 2035 581 2105 putavit
598 2036 704 2090 hussen
717 2035 751 2104 Π,
767 2041 826 2090 149.
865 2035 915 2088 sed
937 2051 971 2089 ex
989 2034 1102 2090 Arriani
1126 2054 1237 2106 quoque
1260 2036 1352 2091 verbis
1376 2036 1467 2091 elucet
1485 2036 1571 2091 talem
1593 2037 1630 2090 de

318 2107 370 2160 deo
397 2106 492 2176 aliquo
516 2106 750 2161 historiunculam
774 2106 913 2161 exstitisse
936 2107 966 2159 11
988 2106 1039 2161 1116
1062 2107 1183 2178 regione.
1223 2107 1323 2163 Strabo
1343 2108 1424 2162 Sibas
1448 2107 1484 2162 ab
1507 2106 1630 2161 Hercule

319 2178 433 2232 relictos
453 2194 513 2232 esse
531 2178 658 2233 narravit
672 2178 723 2232 XV
737 2197 763 2248 p.
778 2183 829 2231 688
849 2177 912 2232 vide
931 2178 995 2232 adn.
1011 2182 1052 2232 38.
1091 2197 1209 2246 quorum
1227 2197 1329 2234 nomen
1347 2179 1466 2234 fortasse
1485 2194 1519 2232 ex
1537 2177 1630 2248 nings

317 2266 413 2304 eorum
427 2249 551 2303 vestibus
567 2249 699 2319 (pellibus
714 2250 846 2319 caprinis)
861 2251 1003 2318 sumptum
1017 2252 1060 2304 est
1074 2254 1109 2317 (v.
1125 2250 1455 2446 16ί616681611-Ρ66611.)
1470 2269 1495 2317 v,
1505 2249 1629 2305 Bohlen:

317 2321 377 2377 nas
400 2321 452 2377 otte
474 2320 578 2389 susam
596 2321 609 2373 Ι
627 2340 653 2390 p.
670 2326 730 2389 148,
747 2326 798 2374 209
823 2320 905 2374 Sibas
929 2323 1035 2375 sectam
1058 2321 1139 2390 quasi

1184 2322 1231 2376 iva
1254 2321 1300 2376 dei
1324 2321 1379 2392 (vel
1402 2320 1542 2391 Dionysii)
1565 2336 1631 2376 esse

316 2393 412 2462 putat:
434 2393 483 2446 sed
501 2391 547 2445 vix
566 2391 643 2446 credi
661 2395 756 2462 potest
774 2409 792 2446 a
810 2391 925 2446 Graecis
944 2391 1073 2446 confusos
1092 2409 1152 2447 6666

1196 2393 1326 2462 ionysum
1346 2397 1375 2448 et
1392 2392 1549 2447 Herculem.

408 2473 453 2540 81)
463 2471 538 2525 idem
548 2471 661 2526 videtur
671 2488 731 2525 6666
743 2475 828 2540 atque
838 2471 887 2540 qui
896 2471 1083 2526 Alexandriae
1093 2472 1208 2527 relictus
1219 2475 1303 2528 antea
1313 2476 1381 2528 erat.
1401 2471 1630 2541 cf.Arr.lV‚23‚5

317 2542 370 2610 τὴν
398 2541 479 2596 πόλιν
508 2543 597 2612 αὐτὴν
625 2551 740 2613 κοσμεῖν
768 2539 902 2598 ἐκέλευσε.
948 2546 1048 2613 postea
1071 2543 1219 2599 Sisicottus
1248 2542 1481 2599 commemoratur
1503 2543 1631 2614 regionis

319 2615 524 2668 Assacanorum
548 2617 674 2684 satrapa,
694 2614 755 2668 Arr.
774 2615 808 2682 V,
824 2621 866 2678 20,
883 2620 898 2668 7
921 2613 970 2682 qui
993 2614 1115 2684 primum
1139 2615 1255 2670 castello
1278 2615 1308 2670 in
1330 2619 1411 2686 petra
1430 2615 1579 2670 aedificato
1599 2619 1632 2670 et

317 2685 427 2756 regioni
446 2685 582 2739 1111611166
602 2685 638 2739 ah
657 2686 816 2740 Alexandro
835 2689 897 2740 erat
914 2685 1072 2755 praefectus
1091 2688 1151 2742 Arr.
1166 2687 1213 2754 IV,
1229 2693 1271 2753 30,
1286 2694 1311 2742 4.
1349 2687 1424 2742 Ourt.
1439 2686 1512 2753 Vm,
1529 2693 1570 2754 11,
1581 2692 1628 2743 26.

318 2756 438 2826 cogitari
466 2756 558 2826 possit
584 2773 642 2811 non
670 2761 800 2812 accurate
827 2756 906 2826 loqui
928 2757 1079 2810 Arrianum
1092 2758 1126 2824 V,
1141 2764 1205 2812 207
1231 2760 1265 2813 (16
1288 2765 1403 2828 sohapa
1426 2760 1631 2813 Assacanorum

319 2827 365 2897 (ef.
385 2829 512 2897 Droysen
526 2829 559 2897 ll,
576 2834 626 2882 116
642 2829 706 2883 adn.
722 2831 749 2899 2)
774 2832 859 2898 atque
885 2828 970 2882 etiam
989 2831 1050 2882 tum
1068 2828 1155 2884 fuisse
1174 2829 1261 2884 totius
1281 2847 1298 2884 a
1318 2829 1392 2884 Choe
1411 2829 1448 2884 ad
1466 2829 1566 2883 lndum
1584 2847 1632 2883 re—

319 2899 412 2969 gionis
436 2900 570 2954 subactae
594 2903 737 2970 satrapam
759 2900 908 2955 Nicanore.
954 2903 1050 2954 tamen
1073 2918 1136 2953 cum
1159 2900 1209 2955 illo
1234 2901 1295 2955 loco
1318 2901 1454 2954 Arrianus
1477 2900 1631 2955 Nicanoris

320 2971 434 3025 omnino
461 2971 633 3026 mentionem
659 2989 715 3026 non
743 2971 831 3026 faciat
854 2987 972 3040 cumque
995 2971 1185 3026 Alexandrum
1207 2975 1303 3026 narret
1325 2971 1439 3026 iussisse
1462 2971 1631 3041 Tyriaspem

319 3041 442 3112 regionis
471 3042 545 3096 inter
568 3042 727 3112 Cophenem
750 3045 779 3097 et
802 3043 905 3098 Choem
933 3042 1004 3097 sitae
1033 3045 1176 3112 satrapam
1199 3046 1228 3098 66
1250 3042 1413 3114 Philippum
1435 3043 1584 3098 Machatae
1607 3044 1629 3098 f.

320 3113 483 3168 Taxilarum
508 3116 584 3169 satra
605 3131 651 3168 am
674 3114 704 3168 in
726 3115 882 3169 Assacenos
906 3114 1019 3181 ducere,
1047 3117 1107 3168 tum
1131 3115 1214 3169 credo
1237 3131 1266 3169 re
1289 3131 1354 3168 vera
1378 3117 1521 3184 satrapam
1543 3113 1630 3169 huius

317 3185 440 3252 regionis
469 3185 556 3239 totius
616 3185 671 3240 isse
696 3185 867 3240 Sisicottum.
914 3191 990 3256 (nam
1013 3186 1082 3240 duos
1106 3185 1166 3240 illic
1189 3185 1275 3240 fuisse
1299 3189 1427 3256 satrapas
1451 3189 1480 3240 et
1504 3185 1630 3257 regionis
1736 3243 1737 3248 .

318 3255 554 3310 meridionalioris
583 3256 657 3311 circa
680 3253 839 3327 vCophenem
867 3259 896 3311 et
923 3256 1193 3326 septentrionalioris
1221 3266 1269 3327 τῆς
1296 3266 1345 3312 τοῦ
1371 3257 1540 3312 Ἀσσακανοῦ
1567 3258 1630 3311 veri

319 3327 456 3382 dissimile
480 3327 609 3398 videtur.)
646 3328 785 3382 Nicanore
808 3327 877 3397 quid
900 3331 999 3398 postea
1022 3328 1129 3382 factum
1153 3328 1190 3382 sit
1212 3328 1365 3396 nescimus,
1388 3331 1483 3384 utrum
1501 3331 1630 3383 mortuus

318 3398 356 3452 sit
381 3415 417 3452 an
436 3398 596 3454 Alexander
618 3416 683 3453 eum
706 3400 742 3453 ad
766 3416 795 3453 se
818 3399 967 3468 receperit,
996 3401 1029 3452 ut
1046 3399 1209 3470 Philippum
1227 3417 1339 3469 quoque
1358 3400 1402 3468 (cf.
1422 3401 1483 3454 Arr.
1499 3401 1545 3467 Vl,
1560 3407 1585 3467 2,
1601 3403 1630 3470 2)

317 3473 417 3539 postea
436 3487 530 3524 seeum
549 3471 650 3524 ducere
668 3470 759 3525 iussit.
797 3474 920 3525 ceterum
939 3470 1014 3539 quod
1033 3471 1159 3540 Droysen
1178 3471 1195 3526 l.
1215 3471 1385 3541 1116116
1405 3472 1469 3526 adn.
1487 3478 1500 3525 1
1521 3471 1630 3541 Philip-

338 3559 385 3595 um
409 3541 500 3597 Mach.
525 3542 544 3596 f.
570 3541 656 3596 etiam
679 3541 802 3612 regionis
827 3558 844 3595 a
866 3544 946 3610 parte
970 3541 1033 3595 Indi
1057 3545 1156 3596 dextra
1179 3560 1263 3612 supra
1286 3542 1457 3598 confluentes
1476 3543 1575 3596 Indum
1599 3546 1631 3597 et

318 3561 480 3681 dephenem
495 3612 566 3667 sitae
580 3612 694 3682 putavit
708 3615 851 3682 satrapam
865 3612 975 3668 erravit.
1009 3629 1081 3681 quae
1096 3613 1175 3667 dere
1190 3613 1254 3668 vide
1268 3630 1341 3683 quae
1355 3613 1429 3668 infra
1444 3613 1627 3685 exposuerim.

409 3683 621 3755 82)Ρ61661611
654 3683 752 3738 urbem
779 3684 816 3738 ad
843 3684 944 3738 Indum
970 3701 1057 3754 prope
1084 3684 1171 3739 fuisse
1199 3684 1284 3739 sitam
1312 3687 1341 3740 et
1367 3685 1628 3754 Α111111.Ι11,28,6

318 3755 377 3808 Ind.
395 3760 419 3822 1,
433 3761 450 3808 8
465 3757 494 3809 66
509 3755 611 3809 Strabo
624 3754 684 3822 XV,
699 3761 751 3809 698
774 3755 959 3810 tradiderunt.
997 3755 1135 3825 posterior
1153 3755 1277 3812 addidit:
1305 3756 1375 3825 πρὸς
1394 3751 1411 3828 ᾖ
1426 3761 1529 3827 ζεῦγμα
1547 3775 1628 3826 γενη-

318 3825 373 3880 θὲν
393 3823 545 3894 ἐπεραίωσε
562 3826 613 3907 ripa
628 3826 785 3908 6116111616.Ι
807 3827 950 3908 conditam
964 3843 1027 3880 eam
1041 3827 1128 3881 trisse
1142 3843 1175 3880 eo
1189 3826 1252 3881 loco
1266 3827 1316 3908 ubi
1330 3845 1405 3882 nunc
1419 3827 1629 3909 6166661166116·

318 3897 501 4038 aazias
523 3897 1630 4040 616616611166266612161616·6616166

320 4039 376 4092 dici
397 4039 512 4094 condita
529 4038 623 4094 firissc.
661 4056 752 4108 neque
770 4040 947 4109 neglegenda
966 4040 1097 4094 videntur
1116 4057 1176 4094 esse
1190 4039 1303 4094 Arriani
1318 4040 1520 4110 Strabonisque
1534 4042 1627 4096 verba.

320 4111 421 4164 deinde
441 4110 525 4165 sitam
545 4127 607 4165 eam
625 4110 711 4165 fuisse
730 4111 892 4180 putabimus
912 4111 1070 4182 inregione
1085 4128 1233 4181 perquam
1249 4111 1422 4181 Hephaestio
1437 4115 1466 4166 66
1480 4112 1628 4167 Perdiccas

319 4183 355 4236 ab
380 4182 561 4251 Hashtnagar
582 4181 652 4235 urbe
676 4182 712 4236 ad
736 4181 836 4235 indum
880 4182 980 4236 refecti
1002 4199 1059 4236 non
1082 4186 1225 4238 venerunt.
1263 4185 1323 4236 tum
1349 4200 1383 4237 cx
1407 4183 1445 4239 Gl.
1465 4183 1629 4240 Ptolemaeo

319 4253 413 4307 elucet
436 4252 621 4322 (comparanti
634 4253 681 4321 VI,
697 4259 730 4307 27
755 4255 877 4326 cuppola
901 4255 969 4307 Κώα
992 4254 1042 4308 aul
1060 4256 1208 4308 Σουάστον
1233 4257 1284 4327 pali
1303 4253 1331 4324 γ’
1352 4260 1386 4308 λα
1405 4253 1438 4324 γό
1457 4258 1486 4309 66
1504 4257 1627 4327 συμβολὴ

318 4343 387 4396 Κώα
405 4330 632 4410 καὶ-’11666166
650 4345 684 4395 λᾶ
704 4344 733 4396 66
751 4347 798 4398 44:
827 4343 929 4412 μεταξὺ
951 4342 983 4397 dt
1004 4349 1053 4398 τοῦ
1072 4343 1219 4398 Σουάστον
1238 4343 1286 4397 καὶ
1304 4353 1353 4398 τοῦ
1369 4343 1460 4398 Ἰνδοῦ
1480 4344 1630 4412 Γανδάραι

318 4431 367 4485 καὶ
386 4430 480 4492 πόλεις
499 4431 570 4484 αἵδε.
610 4433 750 4499 Πορκλαϊς
768 4451 818 4501 pay
838 4433 881 4502 16)
900 4431 1021 4486 voluisse
1042 4425 1109 4486 'eum
1131 4431 1307 4487 Porclaidem
1331 4432 1453 4501 (Arriani
1469 4432 1629 4503 Peuoelam)

318 4503 417 4556 urbem
445 4501 529 4555 sitam
557 4517 617 4555 esse
645 4502 790 4556 mediam
817 4502 889 4557 fere
917 4503 991 4557 inter
1013 4503 1183 4558 confluentes
1208 4503 1339 4558 Suastum
1362 4503 1576 4574 Cophenemque
1599 4508 1630 4559 66

320 4573 490 4627 confluentes
510 4572 668 4643 Cophenem
686 4574 849 4642 indumque.
886 4574 944 4629 iam
963 4592 997 4630 ex
1015 4575 1134 4631 Arriano
1153 4591 1264 4644 quoque
1283 4591 1326 4630 res
1346 4575 1472 4646 singulas
1495 4578 1628 4630 narrante

322 4643 453 4713 cognosci
481 4643 560 4712 licet,
589 4645 780 4700 Alexandrum
803 4646 952 4701 Peuoelam
978 4647 1077 4701 urbem
1105 4645 1248 4701 deditione
1274 4647 1412 4715 recepisse
1435 4647 1537 4701 Bazira
1558 4647 1628 4702 urbe

320 4717 482 4786 expugnata
504 4733 537 4772 ac
560 4715 606 4771 vix
629 4716 705 4772 credi
728 4720 824 4789 potest
847 4734 910 4772 eum
934 4736 997 4774 cum
1019 4721 1081 4774 toto
1104 4718 1228 4774 exercitu
1251 4717 1288 4772 ad
1307 4719 1477 4774 confluentes
1496 4719 1628 4774 Suastum
