3506 5306
681 342 905 406 ..gun

141 519 243 602 coepit
262 541 384 604 parare,
403 541 483 602 quae
498 519 538 582 ad
552 521 649 584 telem
666 499 905 605 navigationem
920 520 1098 584 necessaria
1112 516 1265 606 erarem)
1294 523 1450 584 venerunt

140 617 192 680 illo
215 621 361 701 tempore
384 616 551 681 Abhisaris
575 617 674 681 frater
697 639 770 681 curu
794 618 865 681 aliis
894 617 1105 682 familiaribus
1124 623 1166 682 *et
1189 639 1270 701 quos
1294 622 1388 682 antes
1410 618 1451 682 ad

141 827 265 881 Sextiles.
300 845 356 880 non
375 827 565 898 quadraginta
578 828 623 882 vel
642 828 849 900 quinquaginta
864 828 913 883 sed
928 829 1109 898 septuaginta
1123 828 1182 882 fere
1196 828 1256 882 dies
1269 828 1314 882 vel
1328 828 1451 897 amplius

139 899 167 950 in
191 898 281 953 classe
304 899 345 952 ab
369 900 525 954 exercitu
548 902 622 953 toto
646 899 822 955 aedificanda
845 902 958 970 poterat
981 916 1155 967 consumere,
1180 899 1203 954 si
1221 900 1337 954 ineunte
1355 917 1451 954 mense

139 969 291 1024 Novembri
304 987 390 1024 naves
406 972 576 1025 conscendit.
603 973 741 1026 erravisse
754 971 868 1026 Leaium
882 973 969 1026 etiam
984 973 1014 1024 iu
1028 971 1117 1026 altero
1132 971 1278 1025 Strabonis
1287 971 1450 1026 testimonio

138 1058 163 1109 p.
179 1047 231 1094 698
251 1058 338 1110 supra
356 1043 414 1095 iam
432 1044 536 1096 monui.

225 1124 289 1191 272)
307 1123 402 1176 nescio
426 1138 499 1190 quae
522 1123 559 1176 ad
577 1123 725 1178 Acesinem
744 1123 903 1178 Alexander
926 1126 1040 1192 praeter
1062 1123 1218 1192 legationes
1242 1121 1397 1177 audiendas
1421 1125 1450 1176 et

138 1193 235 1246 urbem
254 1193 453 1248 emuniendam
471 1211 555 1262 porro
574 1195 739 1261 instituerit,
757 1212 849 1264 neque
868 1196 1005 1264 suspicari
1023 1195 1091 1248 ficet
1109 1211 1173 1248 eum
1193 1193 1311 1248 classem
1326 1194 1368 1248 ibi
1382 1211 1450 1262 quo-

139 1281 191 1332 que
213 1279 332 1333 parasse
354 1267 387 1318 ut
405 1265 552 1334 Zumptius
576 1267 690 1335 scripsit
711 1267 742 1319 in
765 1267 890 1320 editione
909 1265 998 1320 Gurtii
1016 1266 1054 1319 ad
1071 1265 1165 1319 locum
1183 1265 1230 1331 IX,
1245 1271 1270 1332 3,
1285 1271 1333 1331 24,
1361 1263 1450 1318 Curtii

138 1335 310 1404 Diodorique
328 1335 442 1390 nuntios
462 1353 526 1390 cum
538 1337 644 1392 Ariane
664 1340 693 1392 et
707 1337 845 1392 Strabone
858 1337 974 1392 studens
989 1337 1158 1408 coniungere
1172 1337 1247 1407 (vide
1259 1353 1350 1406 nuper
1363 1336 1450 1398 etiam

138 1406 252 1460 Larium
270 1425 297 1477 p.
313 1413 348 1461 54
367 1407 430 1461 adn.
448 1410 481 1477 1).
520 1409 659 1478 posterior
677 1410 712 1463 de
732 1408 821 1463 classe
840 1410 877 1462 ad
890 1409 1054 1478 Hydaspem
1072 1410 1184 1462 tanturn
1203 1407 1280 1461 facta
1298 1408 1385 1462 refert
1398 1407 1450 1462 XV

138 1495 162 1547 p.
179 1483 242 1545 698,
257 1483 300 1532 39.
337 1480 407 1533 item
425 1478 561 1533 Arrianus
585 1481 704 1536 classem
727 1481 765 1534 ad
781 1481 930 1535 Acesinem
949 1479 1128 1534 aedificatam
1146 1495 1207 1534 esse
1225 1479 1311 1548 plane
1328 1480 1449 1549 ignorat.

28 1545 29 1572 ²
139 1550 186 1603 sed
204 1550 352 1604 videamus
373 1549 461 1604 Curtii
480 1552 594 1605 nuntios
613 1554 642 1605 et
660 1551 784 1606 Diodori.
817 1553 895 1621 prior
912 1551 958 1618 IX,
973 1557 999 1618 3,
1013 1557 1048 1604 99
1066 1551 1204 1606 narravit:
1225 1549 1302 1604 ‘hinc
1320 1553 1450 1620 repetens

139 1622 228 1674 -ad
252 1620 356 1675 flumen
375 1623 524 1676 Acesinem
547 1622 623 1677 locat
642 1627 742 1678 castra.
780 1624 820 1677 ibi
839 1624 912 1678 forte
931 1623 1039 1678 Coenus
1057 1622 1154 1676 morbo
1173 1623 1321 1676 extinctus.
1341 1655 1374 1662 —-
1393 1624 1450 1675 iarn

137 1693 165 1744 in
183 1707 259 1760 aqua
279 1693 376 1746 classis
395 1710 480 1761 quam
499 1694 643 1748 aedificari
661 1695 783 1749 iusserat
801 1696 904 1748 stabat.
926 1728 957 1734 -
978 1712 1014 1764 op
1036 1693 1084 1748 ida
1107 1710 1218 1762 quoque
1238 1694 1293 1747 duo
1313 1694 1449 1760 condidit,

138 1780 258 1832 quorum
282 1764 402 1818 alterum
425 1764 562 1819 Nicaeam
585 1766 753 1836 appellavit,
782 1766 901 1822 alteram
919 1713 1118 1835 Buceplialam.
1135 1808 1139 1817 .
1157 1808 1183 1818 ..
1222 1765 1344 1819 secundo
1367 1781 1450 1819 amne

137 1833 263 1902 defluxIt,
284 1878 288 1886 .
307 1880 311 1889 .
330 1879 333 1888 .
354 1838 519 1904 perventum
543 1839 604 1891 erat
627 1839 656 1890 in
679 1837 823 1908 regionem
843 1839 873 1890 in
893 1854 949 1906 qua
967 1837 1115 1906 Hydaspes
1135 1837 1225 1890 amnis
1244 1837 1357 1890 Acesini
1376 1853 1449 1889 corn-

137 1907 286 1960 mittitur'.
325 1907 395 1960 satis
414 1908 507 1962 elucet
525 1925 637 1963 amnem
656 1926 710 1978 quo
730 1909 890 1964 Alexander
907 1909 974 1962 inde
993 1909 1029 1962 ab
1047 1909 1130 1961 initio
1150 1908 1337 1977 navigaverit,
1363 1907 1450 1962 fuisso

136 1979 209 2032 teste
228 1977 326 2031 Curtio
341 1979 496 2034 Acesinem.
530 1979 628 2034 classis
647 1981 676 2034 in
695 1981 815 2035 Acesine
833 1981 937 2047 stabat,
956 1980 1062 2050 oppida
1075 1997 1132 2033 non
1145 1978 1267 2034 multum
1281 1979 1317 2032 ab
1331 1979 1450 2033 Acesine

138 2049 232 2118 posita
252 2052 324 2102 sunt.
359 2051 408 2104 sed
428 2051 548 2105 eundem
567 2053 731 2122 scriptorem
744 2052 803 2105 iam
817 2068 962 2122 compares
975 2051 1022 2116 III,
1039 2057 1062 2117 1,
1078 2057 1106 2104 3:
1127 2051 1258 2120 ‘navigia
1272 2050 1450 2104 exaedificari

137 2119 243 2175 iubet'.
281 2121 373 2175 adhuc
396 2137 445 2175 rex
468 2122 505 2175 ad
523 2123 666 2192 Hydaspis
689 2124 781 2193 ripam
801 2126 870 2192 stat,
895 2124 932 2176 ad
949 2122 1114 2192 Hydaspem
1132 2123 1220 2192 igitur
1237 2123 1352 2192 navigia
1371 2122 1450 2176 iubet

138 2192 252 2246 exstrui.
289 2209 323 2246 ac
342 2193 367 2246 si
385 2195 485 2262 postea
504 2211 538 2248 ea
555 2196 661 2263 reperit
679 2195 768 2262 facte,
789 2195 825 2248 ad
844 2195 1008 2264 Hydaspem
1025 2194 1142 2262 reperit,
1162 2211 1218 2246 non
1237 2194 1274 2246 ad
1292 2192 1448 2248 Acesinem.

137 2281 218 2332 porro
245 2262 352 2318 Coenus
376 2265 495 2318 Arriano
523 2267 595 2320 teste
623 2284 680 2320 non
707 2268 744 2320 ad
763 2267 911 2321 Acesinem
935 2267 984 2319 sed
1008 2265 1045 2319 ad
1062 2264 1227 2334 Hydaspem
1249 2266 1375 2318 mortuus
1398 2267 1448 2318 est.

139 2334 259 2404 denique
284 2336 367 2389 urbes
390 2335 457 2390 illae
479 2354 536 2390 non
560 2337 597 2391 ad
614 2338 763 2392 Acesinem
787 2338 836 2392 sed
860 2339 897 2391 ad
915 2337 1080 2408 Hydaspem
1099 2335 1230 2390 conditae
1249 2338 1321 2388 sunt.
1359 2337 1449 2405 possis

138 2410 238 2474 putare
257 2423 378 2461 errorem
397 2423 457 2462 esse
475 2407 529 2462 hoc
546 2408 608 2462 loco
623 2408 720 2476 Curtii,
740 2410 790 2478 qui
808 2409 968 2464 confuderit
985 2408 1133 2462 Acesinem
1148 2425 1212 2460 curn
1225 2407 1366 2476 Hydaspe.
1400 2409 1450 2462 sed

108 2482 115 2500 ·
139 2478 261 2532 auctoris
289 2477 415 2532 Curtiani
444 2482 487 2532 est
515 2496 598 2534 error.
635 2497 702 2534 nam
729 2481 806 2551 apud
833 2481 947 2534 Diodor.
962 2479 1053 2548 XVII,
1067 2484 1141 2546 95,3
1169 2479 1360 2532 inveniuntur:
1388 2487 1450 2542 ταῖς

139 2550 238 2612 αὐτοῖς
261 2548 339 2611 ὁδοῖς
361 2551 514 2618 πορευθεὶς
535 2551 699 2622 &strepuisse
719 2553 764 2607 ἐπὶ
782 2553 832 2606 τὸν
848 2548 990 2620 Ἀκεσίνην
1008 2549 1143 2620 ποταμόν.
1180 2551 1347 2621 καταλαβὼν
1366 2551 1396 2604 δὲ
1415 2550 1450 2604 τὰ

140 2620 233 2690 σκάφη
254 2620 487 2692 νεναυπηγημένον
503 2665 507 2674 .
525 2665 552 2675 ..
587 2625 624 2692 (b)
643 2623 693 2687 τὰς
711 2623 761 2693 μὲν
779 2623 858 2692 παρὰ
876 2623 926 2678 τὸν
943 2623 1071 2692 ποταμὸν
1089 2618 1251 2684 κτισθείσαις
1268 2619 1362 2682 πόλεις
1380 2622 1450 2676 ὠνο-

140 2709 206 2760 μασε
224 2691 277 2760 τὴν
296 2691 347 2762 μὲν
363 2736 368 2746 .
384 2735 390 2746 .
407 2736 411 2745 .
427 2690 564 2761 Nestorius,
581 2693 634 2764 τὴν
653 2693 684 2749 δὲ
699 2695 892 2764 Βουκεφάλαν.
922 2695 1007 2758 αὐτὸς
1026 2692 1057 2748 δὲ
1077 2692 1162 2764 ἐμβάς
1179 2692 1233 2747 aad.
1262 2693 1299 2756 ὡς
1313 2689 1342 2746 δ’
1358 2686 1450 2762 ἦίωθον

140 2764 183 2818 inl
200 2763 253 2832 τὴν
265 2759 406 2818 Ἀκεσίνου
421 2765 469 2818 καὶ
480 2761 619 2820 Ὑδάσπου
634 2766 775 2838 συμβολὴν
789 2766 843 2822 xrs.
877 2767 996 2820 eandem
1009 2781 1077 2832 rem,
1097 2765 1218 2818 eundem
1231 2764 1339 2818 fontem
1353 2764 1448 2818 habes.

140 2835 221 2890 urbes
237 2835 324 2889 etiam
337 2834 403 2890 huic
417 2837 454 2889 ad
463 2836 612 2891 Acesinem
627 2837 758 2893 conditae
772 2841 846 2905 sunt,
865 2839 906 2891 ibi
920 2854 1005 2892 naves
1019 2837 1195 2903 aedificatae,
1209 2852 1273 2888 cum
1282 2835 1368 2902 XVII,
1379 2841 1449 2903 89,4

140 2923 193 2960 non
216 2907 330 2976 ignoret
353 2906 409 2960 alio
434 2923 481 2961 eas
504 2907 566 2962 loco
586 2925 647 2963 esse
666 2912 829 2963 exstructas.
867 2909 991 2963 Iustinus
1010 2908 1132 2977 denique
1150 2907 1234 2960 claris
1251 2907 1345 2962 verbis
1364 2908 1448 2961 dixit:

140 2977 195 3044 XII,
210 2985 227 3032 9
249 2979 331 3032 ‘inde
348 2977 508 3033 Alexander
526 2981 563 3034 ad
582 2996 694 3034 amnem
711 2981 860 3036 Acesinem
878 2982 981 3050 pergit,
999 2997 1051 3049 per
1067 2979 1143 3032 hunc
1160 2979 1191 3031 iu
1206 2977 1349 3033 Oceanum
1368 2979 1450 3033 deve-

140 3049 240 3104 hitur'.
274 3051 373 3104 auctor
391 3067 503 3119 quoque
521 3068 677 3120 anonymus
696 3051 843 3107 Mettensis
862 3051 896 3118 H,
911 3057 945 3106 70
964 3050 1089 3120 scripsit:
1111 3051 1184 3119 ‘ipse
1202 3050 1239 3103 ad
1257 3049 1361 3104 flumen
1379 3051 1450 3104 Ace-

140 3122 228 3176 sinem
238 3121 429 3176 'recursionem
443 3123 518 3177 lecit.
547 3123 588 3176 ibi
602 3139 696 3191 naves,
715 3139 785 3193 quas
794 3123 883 3178 Porus
898 3141 932 3178 ac
941 3122 1053 3177 Taxiles
1068 3121 1295 3187 aedificaverunt,
1310 3120 1448 3175 offendit’.

141 3194 184 3246 vix
205 3193 301 3262 potuit
318 3192 469 3247 historicus
488 3193 610 3264 diligens
629 3195 678 3264 qui
697 3197 781 3250 antea
799 3197 876 3250 recte
893 3195 1058 3264 Hydaspem
1076 3195 1105 3248 et
1123 3193 1272 3247 Acesinem
1290 3193 1450 3247 seiunxerat

140 3267 238 3332 postea
263 3264 361 3318 ambos
384 3265 556 3320 confundere
578 3268 795 3336 propioremque
817 3267 886 3320 Indo
910 3266 1026 3320 fluvium
1048 3266 1107 3319 iarn
1125 3265 1273 3319 Acesinem
1295 3265 1449 3331 nominare,

141 3336 260 3390 alterum
278 3335 449 3406 Hydaspem.
488 3337 537 3390 sed
557 3338 580 3390 si
598 3341 762 3407 reputamus
781 3338 944 3407 Hydaspem
963 3339 1048 3392 antea
1067 3337 1142 3406 apud
1161 3335 1315 3390 Diodorum
1335 3335 1450 3404 quidem

140 3409 314 3461 nominatum
337 3425 393 3462 non
412 3425 485 3476 esse,
509 3409 693 3464 concedemus
716 3427 781 3465 eum
804 3411 898 3464 omnia
922 3426 995 3479 quae
1018 3409 1053 3462 de
1071 3407 1142 3462 Poro
1168 3408 1325 3476 ceterisque
1343 3407 1448 3474 attulit,

141 3495 173 3532 ex
190 3481 307 3534 auctore
326 3480 491 3548 sumpsisse,
515 3481 564 3549 qui
582 3479 698 3534 fluvium
716 3482 785 3535 Indo
804 3482 964 3551 propiorem
982 3481 1130 3534 Acesinem
1149 3478 1321 3548 appellavIt?
1353 3481 1449 3533 tamen

26 3579 28 3596 ·
141 3567 174 3605 ne
200 3551 256 3604 hoc
283 3550 398 3619 quidem
426 3551 573 3619 credibile,
601 3569 773 3622 quamquam
800 3571 857 3607 non
885 3554 1000 3607 obstant
1022 3551 1139 3605 Diodori
1166 3552 1251 3604 verba
1274 3549 1358 3616 XVII,
1374 3555 1449 3618 90„4

26 3623 28 3628 ’
141 3623 225 3686 αὐτὸς
252 3621 282 3676 δὲ
305 3622 430 3691 περάσας
451 3623 501 3677 τὸν
524 3625 651 3692 ποταμὸν
674 3631 788 3694 προῆγε,
826 3641 860 3678 ac
882 3626 978 3694 posset
998 3622 1109 3677 uanius
1132 3623 1227 3690 priora
1249 3621 1300 3675 illa
1324 3621 1359 3676 de
1377 3621 1448 3676 Poro

142 3695 226 3762 atque
250 3709 347 3763 pugna
366 3711 429 3748 cum
448 3693 519 3748 Poro
537 3694 615 3748 facta
633 3713 667 3750 ex
686 3695 742 3750 aIIo
760 3695 888 3750 hausisse
906 3696 984 3749 fonte
1003 3695 1051 3762 qui
1071 3694 1242 3748 consentiret
1261 3693 1296 3747 de
1314 3693 1449 3762 Hydaspe

141 3767 169 3818 et
181 3765 302 3820 Acesine
315 3764 406 3818 fluviis
421 3782 485 3819 curn
498 3766 612 3819 Arriani
626 3767 797 3835 auctoribus,
816 3767 883 3821 inde
897 3767 1000 3820 alibro
1014 3765 1069 3818 IX⁰
1084 3765 1183 3820 eodem
1197 3766 1283 3833 (certe
1296 3765 1326 3816 in
1341 3763 1448 3834 multis)

140 3854 205 3890 usus
234 3853 294 3891 esse
322 3839 408 3905 atque
430 3837 577 3891 Diodorus.
616 3839 665 3892 sed
692 3837 867 3907 probabilius
895 3837 966 3891 mihi
993 3837 1105 3890 videtur
1128 3836 1194 3890 hoe:
1223 3836 1247 3889 is
1271 3836 1321 3904 qui
1343 3835 1448 3905 primos

141 3907 232 3962 sorites
255 3908 324 3977 (sive
343 3907 527 3976 Clitarchum,
556 3909 613 3963 sive
636 3909 724 3962 alium
746 3910 800 3963 hoc
823 3909 884 3963 loco
907 3908 1030 3978 primum
1053 3908 1161 3962 iontem
1183 3906 1270 3962 fuisse
1289 3908 1448 3974 statuimus,

143 3979 205 4034 vide
233 3980 320 4034 etiarn
342 3979 456 4034 Leaium
478 3999 505 4049 p.
523 3984 583 4051 113)
611 3982 763 4050 excerpsit,
790 3981 973 4050 neglegenter
996 3981 1046 4034 aut
1068 3995 1118 4048 pro
1142 3978 1278 4048 Hydaspe
1300 3979 1449 4033 Acesinem

142 4052 781 4192 iiiiiaiuiepiilqiiioiiiifflrid
799 4049 1449 4192 taliisal⁰¹²13⁸53.t'.1¹{atu⁶⁰uul⁰

142 4193 193 4247 tim
208 4211 271 4248 curn
286 4195 321 4248 ab
336 4142 554 4250 alteropauctore
569 4195 704 4264 scripturn
718 4142 830 4249 tantiim
838 4195 986 4262 inveniret,
1000 4165 1119 4248 Acesine
1128 4193 1249 4247 voluisse
1258 4164 1448 4247 Aiexandrum

142 4265 171 4318 in
192 4266 354 4336 Aegyptum
380 4267 526 4336 navigare,
555 4268 591 4320 ab
619 4266 703 4322 tertio
731 4267 829 4322 urbem
856 4283 967 4336 quoque
991 4265 1028 4319 ad
1050 4265 1198 4320 Acesinem
1222 4265 1365 4319 conditam
1388 4281 1449 4319 esse

142 4337 348 4392 Alexandriam.
386 4338 583 4408 neglegentem
602 4338 691 4408 igitur
709 4339 846 4393 habemus
864 4339 894 4391 iu
913 4339 967 4392 hac
984 4354 1015 4392 re
1034 4337 1150 4390 Diodori
1169 4339 1198 4390 et
1217 4335 1307 4390 Curtii
1325 4353 1448 4390 commu-

142 4425 205 4462 nem
224 4411 375 4477 auctorem,
394 4425 483 4477 aeque
501 4409 698 4480 neglegentem
717 4410 747 4462 in
765 4409 906 4479 prioribus
924 4409 994 4463 locis
1010 4408 1099 4462 Curtii
1117 4407 1164 4474 IX,
1180 4413 1204 4475 1,
1220 4413 1248 4461 9:
1270 4406 1351 4462 ‘hinc
1365 4425 1447 4476 porro

144 4495 237 4535 amne
265 4483 426 4550 superato
455 4481 492 4534 ad
517 4479 651 4535 interiora
674 4481 772 4535 Indiae
794 4481 947 4550 processit'
973 4479 1035 4534 coll.
1055 4479 1136 4534 Diod.
1152 4478 1237 4545 XVII,
1252 4485 1285 4533 90
1310 4479 1394 4542 corbe
1416 4480 1447 4534 dl

143 4551 265 4620 περάσας
289 4553 338 4607 τὸν
361 4551 495 4622 ποταμόν.
534 4554 594 4606 erat
616 4552 762 4619 Acesines,
791 4553 866 4620 quod
888 4554 1007 4620 uterque
1030 4551 1074 4605 vel
1097 4551 1191 4620 potius
1214 4551 1327 4604 illorum
1350 4553 1448 4604 auctor

144 4623 281 4692 ignoravit
300 4626 424 4678 autnon
443 4624 557 4677 curavit.
590 4625 655 4676 utut
673 4625 724 4691 est,
743 4623 838 4677 omnia
857 4639 929 4692 quae
948 4623 985 4676 ad
1003 4623 1151 4676 Acesinem
1170 4621 1282 4676 Curtius
1296 4622 1447 4676 Dmdorus-

145 4711 197 4761 que
219 4695 296 4748 facta
319 4711 380 4750 esse
402 4696 471 4748 locis
494 4694 695 4764 posterioribus
719 4697 951 4762 commemorant,
980 4695 1017 4747 ad
1035 4693 1199 4763 Hydaspem
1217 4694 1330 4748 Arriani
1352 4711 1448 4750 revera

145 4765 219 4820 facta
237 4777 297 4822 esse
316 4783 429 4822 necesse
448 4769 491 4821 est
509 4769 648 4836 putemus.

1202 4855 1235 4914 7*
