3496 5308
691 329 912 394 -49,

142 505 263 591 viginti
295 507 407 572 stadiis
439 511 514 591 post
547 508 671 591 equites
703 508 823 590 passim
861 509 952 590 sequi
989 507 1084 572 iussis
1116 508 1185 591 ipse
1217 507 1351 574 celerius
1384 529 1456 571 cum

148 605 312 688 equitibus
348 609 505 689 processit
541 611 579 671 ut
614 607 778 691 regionem
813 627 941 691 pugnae
973 606 1121 670 idoneam
1153 607 1371 689 specularetur
1402 608 1459 669 aut

144 702 267 767 Porum
291 726 405 787 parum
428 708 577 788 paratum
600 705 836 790 aggrederetur.
883 704 1032 788 sperabat
1057 705 1153 768 etiam
1178 727 1211 769 se
1233 702 1310 768 Pori
1334 705 1457 787 equites

143 801 268 885 proelio
293 805 434 886 equestri
462 825 557 888 posse
585 825 734 887 superare
764 825 865 887 eoque
894 807 996 867 totam
1024 823 1166 888 pugnam
1201 803 1375 885 decertare,
1402 806 1458 865 aut

144 1032 248 1101 ψιλοὺς
266 1027 306 1086 ὧν
326 1031 472 1100 Βάλακρος
489 1027 574 1103 ἦρχεν
592 1033 677 1101 (unde
698 1032 784 1087 etiam
803 1035 923 1102 apparet
939 1034 1016 1088 reete
1035 1032 1208 1104 Kruegerum
1226 1032 1273 1099 IV,
1289 1037 1349 1100 25,6
1369 1049 1457 1086 corre·

141 1104 217 1158 xisse
245 1103 294 1157 καλ
317 1105 383 1165 τοὺς
401 1101 549 1173 Ἀγριᾶνας
571 1106 636 1165 τοὺς
655 1105 754 1173 ψιλοὺς
776 1122 827 1174 pro
849 1106 915 1166 τοὺς
937 1103 1042 1174 χιλίους
1065 1103 1099 1157 cf.
1114 1103 1161 1170 IV,
1177 1108 1256 1173 30,6).
1296 1121 1383 1172 quare
1402 1104 1458 1157 nisi

141 1175 312 1232 necessitate
337 1176 460 1245 quadam
483 1193 615 1246 cogemur
642 1175 691 1228 acl
714 1175 787 1229 illud
809 1176 871 1229 loeo
894 1178 989 1230 nostro
1016 1193 1072 1229 non
1091 1177 1232 1229 eiciemus.
1271 1175 1320 1228 sed
1339 1175 1456 1245 quinam

142 1247 210 1298 sunt
238 1246 282 1299 illi
306 1244 489 1301 dacvrrcvul?
525 1250 558 1301 ut
580 1247 702 1301 breviter
725 1248 831 1301 dicam:
860 1249 913 1301 hoc
936 1247 1050 1301 nomine
1073 1247 1135 1300 loco
1161 1249 1256 1301 nostro
1276 1247 1457 1316 appellantur

142 1316 212 1370 Cliti
236 1317 378 1386 Coenique
403 1318 517 1373 milites.
555 1319 718 1388 posterioris
742 1319 852 1388 pedites
875 1319 976 1373 leviter
999 1321 1121 1373 armatos
1144 1318 1232 1373 fuisse
1256 1321 1375 1408 apparet
1394 1335 1458 1372 cum

143 1407 178 1443 ex
197 1390 257 1442 Arr.
273 1389 320 1456 IV,
336 1395 396 1458 28,8
415 1391 480 1452 τοὺς
498 1389 614 1455 τοξότας
632 1390 783 1460 ἀναλαβὼν
802 1391 851 1444 καλ
868 1391 934 1452 τοὺς
949 1388 1097 1460 Ἀγριᾶνας
1114 1391 1164 1445 καὶ
1181 1389 1233 1459 τὴν
1251 1393 1359 1444 Κοινου
1377 1389 1457 1454 τάξιν

144 1460 195 1513 καὶ
222 1460 279 1514 άπὸ
308 1469 357 1530 τῆς
381 1460 464 1530 άλλης
491 1461 636 1532 φάλαγγος
660 1461 786 1526 ἐπιλέξας
808 1463 874 1524 τοὺς
896 1461 1091 1529 κουφοτάτους
1114 1481 1142 1516 τε
1161 1462 1210 1515 καὶ
1229 1461 1287 1530 ἅμα
1306 1459 1457 1516 εὐοπλοτά-

142 1551 210 1592 τους
228 1530 283 1598 uri,
302 1535 363 1586 tum
384 1549 417 1586 ex
436 1533 500 1586 aliis
520 1533 590 1587 locis
608 1533 659 1586 ubi
679 1551 742 1586 cum
761 1533 862 1588 leviter
875 1533 991 1588 armatis
1007 1533 1163 1602 sagittariis
1177 1533 1366 1603 Agrianisque
1385 1550 1459 1586 oom-

143 1605 295 1671 ponuntur.
334 1603 368 1657 cf.
384 1605 404 1671 Ι,
421 1610 471 1672 6,9,
490 1604 537 1672 Ν,
553 1611 622 1672 24,1,
641 1605 688 1671 Ν,
704 1606 773 1672 2“5,6.
810 1605 887 1659 idem
907 1608 1002 1658 autem
1016 1607 1111 1658 nostro
1125 1605 1186 1658 iure
1201 1604 1236 1658 de
1251 1603 1318 1658 oliti
1334 1604 1458 1658 dicemus

141 1674 292 1730 militibus.
318 1678 403 1744 atque
418 1677 471 1729 hoc
486 1675 611 1743 afferam,
621 1677 735 1730 Arriani
749 1677 840 1730 verbis
850 1677 896 1744 IV,
908 1682 967 1743 227
984 1677 1151 1730 commoveri
1165 1692 1209 1730 me
1224 1679 1256 1729 ut
1270 1678 1367 1746 putem
1378 1675 1459 1730 Clitis

141 1745 284 1816 legionem
299 1749 383 1801 antea
397 1747 485 1802 luisse
500 1748 659 1801 Perdiccae.
697 1748 819 1816 primum
838 1749 879 1802 ibi
895 1747 961 1801 Cliti
975 1748 1138 1802 nominatur
1151 1747 1226 1818 legio
1241 1747 1459 1816 Hephaestionis

141 1817 350 1886 Perdiccaeque
374 1819 464 1887 copiis
488 1819 630 1873 adiuncta.
674 1836 730 1872 non
754 1821 987 1874 commemoratur
1009 1820 1162 1874 Perdiccae
1184 1818 1262 1884 τάξις
1290 1821 1332 1887 (ut
1356 1821 1458 1888 antea),

142 1905 234 1957 neque
253 1889 320 1943 inde
339 1891 375 1944 ab
395 1890 444 1944 illo
463 1893 591 1960 tempore
609 1907 742 1959 usquam3
762 1892 811 1944 sed
830 1891 1016 1960 hipparchiae
1035 1892 1092 1944 iam
1110 1893 1171 1944 tum
1185 1890 1333 1944 Perdiccas
1348 1890 1460 1944 videtur

141 1961 301 2029 praefectus
322 1977 391 2028 esse,
411 1962 491 2015 cuius
510 1964 610 2031 postea
628 1963 734 2016 mentio
754 1962 786 2015 fit
800 1962 844 2032 (V,
856 1969 928 2030 1233
949 1968 1023 2030 22,o;
1042 1963 1165 2030 Vl,1,4).
1195 1979 1259 2015 cum
1278 1965 1374 2016 tamen
1387 1962 1459 2015 veri·

142 2032 234 2085 simile
254 2033 292 2086 sit
311 2032 463 2088 Perdiccae
483 2034 647 2087 adiunctam
671 2049 730 2087 esse
755 2050 817 2087 eam
840 2034 982 2104 legionem
1006 2034 1084 2087 ouius
1103 2035 1165 2102 ipse
1185 2036 1269 2088 antea
1289 2034 1345 2086 dux
1364 2033 1459 2100 fuerit,

141 2104 212 2156 mihi
237 2103 353 2172 quidem
376 2105 461 2174 plane
484 2105 625 2174 persuasi,
646 2104 713 2158 Cliti
736 2105 843 2175 legioni
869 2108 953 2160 antea
972 2105 1135 2159 Perdiccam
1161 2105 1254 2173 ipsum
1272 2104 1360 2158 fuisse
1379 2121 1459 2174 prae-

141 2175 255 2228 fectum.
303 2192 388 2243 quam
415 2193 508 2230 meam
537 2177 708 2230 sententiam
735 2177 879 2230 nonnullis
907 2177 1020 2231 Arriani
1049 2177 1118 2230 locis
1147 2175 1242 2230 fulciri
1270 2192 1352 2246 posse
1380 2179 1458 2245 puto.

140 2247 161 2314 Ι,
177 2253 219 2314 6,9
243 2263 301 2301 nna
324 2265 388 2301 cum
406 2248 539 2318 Agrianis
564 2248 720 2317 sagittariis
741 2247 844 2303 Coeni
867 2249 979 2318 legione
1002 2248 1108 2303 milites
1137 2265 1248 2316 quoque
1270 2247 1459 2302 Perdiccae

141 2318 322 2372 collocantur.
366 2337 430 2372 cum
454 2319 539 2374 Caeni
568 2320 681 2390 agmine
709 2321 796 2374 etiam
818 2320 844 2387 Ι,
861 2326 933 2388 14,2;
952 2320 1049 2387 11,e,a
1079 2319 1282 2389 (cf.111,11‚e)
1308 2319 1459 2374 Perdiccae

140 2390 216 2460 legio
241 2391 434 2460 coniungitur,
461 2409 524 2445 cum
547 2391 722 2460 hypaspistis
746 2391 889 2460 equitatu,
908 2393 1048 2460 Amyntae
1072 2391 1265 2460 Meleagrique
1288 2391 1458 2460 agminibus,

141 2462 299 2531 sagittariis
327 2463 517 2532 Agrianisque
543 2463 569 2529 Ι,
592 2469 660 2530 20,5.
705 2463 858 2516 maximum
886 2479 951 2516 vero
980 2463 1016 2517 ad
1044 2463 1137 2517 locum
1164 2465 1292 2516 nostrum
1320 2462 1363 2531 (V,
1388 2466 1458 2531 13‚4)

141 2533 212 2588 facit
229 2532 308 2586 locus
328 2551 413 2602 supra
432 2535 536 2588 citatus
554 2535 575 2602 Ι,
591 2539 641 2602 6,9.
680 2551 713 2588 ac
737 2550 772 2588 ne
797 2535 860 2602 quis
879 2535 997 2588 miretur
1016 2535 1092 2603 quod
1110 2534 1141 2588 hi
1160 2534 1322 2588 άκουτισταλ
1342 2534 1407 2588 aliis
1427 2535 1457 2588 in

141 2604 211 2658 locis
234 2603 386 2676 phalangis
409 2605 535 2675 legiones
555 2606 742 2660 nominantur·
780 2605 831 2674 HJ,
848 2612 924 2674 12,3
945 2607 978 2660 cl.
996 2611 1055 2674 13,5
1080 2605 1107 2660 οἱ
1127 2604 1275 2672 Βαλάκρου
1293 2605 1457 2659 ἀκοντισταὶ

142 2679 402 2744 commemorantur,
421 2677 553 2730 similiter
570 2677 616 2744 IV,
632 2683 675 2745 4,6
695 2677 722 2731 οὶ
742 2678 819 2747 ψιλοὶ
845 2673 885 2731 ὧν
904 2682 932 2748 ΒἸ
953 2672 1045 2748 ἦρχεν.
1083 2677 1195 2731 Balacri
1215 2680 1311 2731 autem
1334 2677 1456 2747 legionis

141 2748 247 2801 mentio
271 2747 304 2800 fit
321 2748 368 2814 Ν,
383 2754 461 2816 aglo
484 2747 535 2816 τήν
557 2769 587 2804 τε
603 2748 730 2803 Ἀττάλου
754 2749 802 2803 καλ
822 2748 969 2815 Βαλάκρου
993 2747 1085 2816 τάξιος
1113 2749 1215 2818 quodsi
1241 2749 1326 2802 verba
1344 2749 1379 2816 V,
1395 2755 1457 2816 13,4

142 2822 252 2872 servata
271 2819 500 2888 interpretamur,
524 2823 557 2874 ut
576 2819 603 2874 ολ
627 2821 789 2875 άιουτισταλ
808 2837 875 2874 sane
893 2821 987 2874 minus
1006 2820 1159 2891 diligenter
1178 2820 1213 2874 ab
1233 2820 1347 2874 Arriani
1365 2821 1454 2874 nomi-

141 2891 202 2943 nati
222 2889 289 2943 Cliti
312 2890 452 2960 Ooenique
478 2893 536 2945 sint
559 2892 698 2962 legiones,
727 2893 817 2946 omnis
841 2892 952 2946 tollitur
976 2891 1130 2946 difficultas
1157 2909 1248 2961 neque
1276 2909 1391 2946 necesse
1416 2895 1459 2946 est

142 2961 309 3015 arbitremur
336 2963 449 3016 relictos
477 2980 538 3018 esse
567 2964 602 3018 ab
626 2964 785 3018 Alexandro
813 2964 843 3017 in
872 2964 1001 3018 citeriore
1029 2965 1094 3033 ripa
1116 2963 1223 3018 milites
1247 2963 1312 3017 illos
1337 2963 1405 3016 Cliti
1430 2966 1459 3018 et

142 3032 234 3086 Caeni.
277 3051 367 3104 neque
396 3035 551 3104 quidquam
580 3036 614 3089 de
637 3035 744 3089 relictis
769 3034 826 3088 illis
856 3038 906 3088 aut
928 3035 1139 3104 Hephaestione
1170 3035 1291 3088 tradidit
1313 3035 1456 3088 Arrianus.

142 3105 217 3172 quod
240 3122 321 3173 porro
345 3106 457 3160 rettulit
479 3107 529 3160 τὸν
551 3107 635 3170 πεζὸν
663 3106 781 3173 στρατὸν
805 3105 898 3177 βάδην
922 3105 1041 3160 ἕπεσθαι
1066 3105 1207 3161 ἐκέλευσεν
1231 3107 1264 3160 οὐ
1290 3107 1361 3160 πολὺ
1380 3107 1451 3160 duo-

141 3175 257 3238 (λέοντας
271 3186 326 3230 τῶν
341 3175 543 3248 ἑξακισχιλίων
563 3178 701 3232 vocabula
716 3180 840 3232 extrema
855 3178 1010 3246 depravata
1026 3181 1099 3232 sunt.
1136 3178 1261 3248 quinque
1276 3180 1351 3232 certe
1365 3178 1458 3232 millia

142 3247 487 3317 hypaspistarumerant,
511 3251 569 3303 iam
592 3250 755 3320 sagittarios
774 3250 913 3319 Agrianos
937 3251 1092 3304 acontistas
1115 3249 1240 3303 nondum
1263 3249 1342 3304 mille
1368 3249 1456 3303 fuisse

142 3320 246 3372 milites
269 3321 340 3374 mihi
364 3321 479 3389 quidem
501 3321 546 3373 vix
570 3321 705 3376 credibile
729 3323 778 3375 est.
817 3338 908 3388 neque
932 3322 1007 3375 enim
1031 3321 1081 3376 τὸν
1100 3321 1184 3386 πεζὸν
1203 3320 1322 3389 στρατόν
1340 3321 1456 3374 Arriani

142 3390 171 3442 in
190 3391 263 3444 solos
282 3392 464 3461 hypaspistas
482 3392 634 3446 referemus
659 3393 745 3462 (quod
767 3392 838 3446 fecit
855 3393 982 3462 Droysen
1000 3393 1039 3460 H,
1055 3399 1119 3459 1323
1146 3409 1218 3462 quae
1238 3391 1337 3446 attulit
1355 3392 1455 3446 Lenius

142 3479 168 3529 p.
184 3463 244 3534 35!ss
269 3466 297 3517 et
316 3464 379 3516 adn.
417 3463 523 3517 nullius
542 3465 677 3518 momenti
701 3467 775 3532 sunt)
801 3464 850 3518 sed
869 3465 899 3518 in
918 3480 1014 3519 omnes
1033 3465 1144 3533 pedites
1167 3466 1196 3518 et
1214 3464 1410 3533 hyspaspistas
1430 3467 1458 3518 et

142 3531 240 3588 leviter
259 3537 389 3589 armatos.
429 3552 461 3590 ac
480 3551 515 3588 ne
535 3535 570 3590 de
589 3535 687 3590 electis
706 3536 821 3602 quidem
845 3552 893 3589 sex
915 3535 1042 3589 millibus
1063 3553 1096 3590 ex
1114 3535 1289 3604 hypaspistis
1309 3537 1338 3588 et
1355 3534 1456 3589 leviter

143 3605 257 3658 armatis
280 3609 375 3674 potest
398 3607 517 3676 cogitari
544 3624 607 3660 cum
630 3608 665 3661 de
688 3607 789 3661 relicta
811 3610 893 3676 parte
915 3607 1160 3676 hyspaspistarum
1185 3605 1337 3660 aliorumve
1362 3606 1407 3660 vel
1426 3607 1456 3661 in

143 3677 241 3729 castris
264 3679 374 3748 magnis
398 3679 442 3732 vel
465 3679 495 3732 in
519 3679 581 3747 ipsa
611 3679 674 3748 ripa
697 3679 812 3732 sinistra
835 3679 978 3748 Hydaspis
1001 3679 1074 3732 nihil
1097 3678 1193 3732 tradat
1216 3679 1360 3732 Arrianus.
1399 3679 1456 3732 iam

143 3747 205 3814 quis
225 3747 312 3802 etiam
329 3749 412 3803 homo
432 3767 516 3804 sanus
535 3753 630 3818 potest
649 3751 761 3804 credere
775 3749 967 3804 Alexandrum
986 3767 1086 3804 ausum
1106 3766 1166 3803 esse
1181 3766 1245 3803 cum
1260 3751 1457 3804 exercitatam

143 3819 243 3888 exiguo
261 3819 345 3874 Indos
364 3821 487 3875 adoriri?
524 3823 649 3875 omnium
671 3822 796 3874 hostium
819 3838 890 3890 quos
914 3822 1007 3874 adhuc
1031 3837 1180 3891 aggressus
1204 3823 1265 3875 erat
1288 3821 1457 3876 fortissimos

143 3907 203 3944 esse
222 3893 251 3944 et
270 3891 417 3946 audiverat
435 3895 464 3946 et
491 3895 667 3962 cognoverat.
705 3893 841 3947 ducentos
860 3895 1008 3961 praeterea
1027 3892 1193 3961 elephantos
1212 3893 1239 3946 ei
1258 3896 1456 3963 opposuerant,

143 3963 241 4016 contra
260 3979 329 4030 quos
349 3964 441 4017 adhuc
459 3963 584 4018 nondum
602 3967 791 4033 pugnaverat,
816 3979 941 4033 quosque
964 3966 997 4017 ut
1020 3964 1084 4018 aliis
1109 3980 1142 4018 ex
1168 3963 1237 4019 locis
1256 3963 1325 4019 licet
1344 3965 1456 4033 conclu-

146 4033 219 4100 dere,
240 4034 309 4088 satis
328 4036 437 4089 metuit.
466 4035 705 4104 Kochly-ltfistow
724 4036 741 4089 l.
757 4034 775 4088 l.
790 4054 817 4104 p.
829 4041 880 4089 258
897 4041 954 4101 §20
973 4034 1164 4090 Alexandrum
1183 4053 1246 4090 cum
1266 4038 1456 4107 septuaginta,

144 4104 201 4158 fere
220 4105 347 4159 millibus
370 4107 499 4175 peditum
523 4109 552 4161 et
570 4107 667 4160 decem
690 4106 816 4161 millibus
835 4108 963 4176 equitum
982 4107 1019 4161 ad
1037 4107 1195 4176 Hyphasim
1214 4107 1329 4162 fluvium
1347 4108 1457 4162 venisse

144 4179 311 4230 statuerunt.
349 4196 375 4246 p.
393 4183 444 4231 298
468 4178 532 4231 adn.
552 4179 589 4232 ad
607 4178 771 4248 Hydaspem
794 4179 852 4233 fere
875 4179 1134 4249 undeseptuaginta
1161 4179 1253 4233 millia
1276 4181 1404 4249 peditum
1428 4182 1457 4234 et

142 4249 238 4302 decem
256 4247 348 4302 millia
367 4250 494 4318 equitum
513 4250 674 4304 constitisse
697 4253 841 4318 putarunt.
879 4267 949 4318 quos
974 4251 1003 4304 in
1022 4251 1183 4304 universum
1201 4253 1276 4306 recte
1295 4268 1456 4305 numerasse

142 4321 257 4374 concedi
281 4322 388 4390 potest;
416 4338 473 4374 non
496 4323 591 4375 tamen
614 4322 645 4374 in
669 4321 796 4392 singulis.
835 4323 921 4390 atque
945 4321 969 4374 si
993 4338 1079 4376 unam
1102 4323 1243 4392 legionem
1261 4323 1310 4376 illo
1330 4325 1456 4390 tempore

142 4408 188 4445 sex
212 4391 335 4445 millium
357 4393 481 4446 militum
503 4393 590 4446 fuisse
619 4393 797 4460 arbitramur,
826 4393 902 4462 apud
926 4392 1071 4448 Craterum
1098 4394 1226 4463 peditum
1254 4395 1347 4448 relicti
1375 4396 1456 4448 erant

142 4465 252 4531 praeter
271 4464 396 4534 quinque
414 4464 506 4518 millia
524 4465 657 4518 Indorum
676 4463 824 4518 duodecim
843 4464 935 4518 millia
953 4464 1200 4536 phalangitarum,
1229 4482 1292 4518 eum
1311 4465 1454 4536 Meleagro

142 4535 237 4588 Attalo
266 4534 371 4605 Gorgia
398 4538 455 4590 tres
483 4536 624 4606 legiones,
652 4537 764 4604 pedites
791 4535 850 4590 fere
878 4536 1073 4606 duodeviginti
1101 4537 1200 4591 millia.
1247 4537 1304 4590 iam
1333 4539 1455 4606 (praeter

142 4606 260 4675 equites)
283 4607 450 4662 mercenarii
473 4607 597 4677 pedites,
620 4609 653 4660 nt
671 4608 805 4675 vidimus,
824 4607 954 4662 Philotae
978 4610 1007 4661 et
1025 4607 1137 4662 Balacri
1155 4608 1297 4678 legiones:
1325 4609 1455 4676 peditum

143 4675 198 4730 lere
217 4678 366 4732 duodecim
384 4679 483 4734 millia.
522 4695 631 4732 summa
654 4680 791 4732 omnium:
821 4679 932 4748 pedites
956 4679 1077 4750 triginta
1094 4679 1199 4746 millia3
1228 4681 1372 4734 coniuncti
1392 4698 1455 4734 cum

144 4745 248 4802 Crateri
268 4750 356 4818 copiis
375 4751 508 4822 Indisque
532 4751 615 4806 sociis
639 4751 829 4822 quadraginta
853 4753 961 4820 septem
978 4751 1070 4806 millia
1088 4752 1224 4822 peditum.
1264 4751 1322 4809 iam
1340 4752 1454 4810 relictos
