3496 5308
878 319 1101 383 ..54-

422 497 548 563 Interea
571 496 754 563 Alexander
784 499 913 562 nemine
937 499 1000 562 iam
1024 497 1216 582 prohibente
1240 499 1275 563 111
1298 519 1368 563 eam
1392 498 1574 584 regionem,
1601 497 1672 562 ubi

332 597 429 662 hodie
448 596 549 682 Mong
571 596 648 660 urbs
672 600 769 670 extat,
794 618 982 682 progressus
1005 617 1079 660 cum
1102 595 1201 662 Indos
1223 597 1347 662 videret
1369 597 1410 661 ad
1433 618 1583 683 pugnam
1612 597 1670 660 111-

333 700 472 761 structos
496 697 667 778 ipsumque
691 697 926 779 exspectantes,
954 695 1078 778 equites
1103 694 1244 760 inhibuit
1266 698 1304 759 ut
1327 694 1450 779 pedites
1474 715 1574 758 cursu
1601 717 1669 778 ap-

332 795 586 878 propinquantes
616 794 783 876 reciperet,
830 795 894 856 iam
917 794 1107 857 coniunctos
1131 815 1197 858 non
1220 794 1330 858 statim
1354 793 1447 858 duxit
1470 793 1504 856 in
1528 793 1668 875 hostes,

332 915 372 956 ne
396 894 520 957 itineris
544 892 708 956 celeritate
727 890 896 976 defatigati
914 891 1038 976 pedites
1058 891 1285 957 occumberent
1304 893 1438 978 integris
1456 892 1522 956 fere
1542 891 1666 956 adhuc

332 989 431 1075 Indis,
452 989 508 1055 sed
527 990 684 1054 recreavit
702 988 827 1072 pedites
841 989 1026 1074 refecitque,
1046 990 1122 1055 dum
1137 991 1206 1075 ipse
1220 991 1333 1056 relicto
1349 991 1495 1075 equitatu
1508 993 1665 1074 praeter-

333 1091 458 1172 equitat
481 1109 555 1152 cum
578 1089 690 1173 paucis
714 1089 749 1151 in
771 1087 917 1170 circulos,
940 1092 977 1152 ut
995 1088 1138 1154 hostium
1157 1089 1258 1153 aciem
1277 1092 1424 1154 accurate
1443 1089 1664 1172 perspiceret.

332 1207 396 1270 quo
425 1187 512 1250 facto
543 1188 612 1270 ipse
641 1208 769 1270 quoque
797 1187 927 1272 agmina
955 1187 1135 1251 incertum
1159 1187 1304 1252 ordinem
1328 1187 1461 1273 redegit.
1508 1208 1663 1270 eumque

332 1285 535 1370 intellegeret
558 1284 785 1349 difficillimum
804 1282 1035 1349 Macedonibus
1059 1287 1093 1349 in
1115 1286 1217 1350 aciem
1236 1284 1390 1350 ludorum
1414 1284 1553 1349 mediam
1578 1285 1662 1350 fore

332 1384 504 1467 impetum,
528 1382 608 1446 illud
632 1384 738 1467 ipsum
762 1384 897 1468 veritus,
925 1384 1012 1466 quod
1042 1387 1078 1447 ut
1101 1384 1199 1448 talem
1223 1386 1324 1450 aciem
1347 1384 1502 1450 formaret
1524 1381 1661 1448 Porum

332 1483 522 1564 commovit,
553 1481 655 1545 aciem
685 1485 861 1546 extremam
889 1481 1022 1567 aggredi
1051 1483 1172 1547 statuit.
1219 1483 1343 1548 solebat
1365 1486 1473 1547 autem
1498 1503 1554 1546 rex
1579 1483 1661 1567 ipse

332 1600 406 1644 cum
439 1579 550 1644 dextro
584 1601 643 1643 suo
676 1599 776 1643 cornu
808 1579 936 1644 adoriri.
983 1580 1070 1663 quod
1098 1581 1125 1644 si
1156 1584 1225 1644 tum
1259 1603 1388 1665 quoque
1419 1581 1511 1664 fecit,
1539 1582 1659 1664 ipsum

333 1677 453 1742 Porum
485 1679 526 1743 ab
554 1701 649 1743 amne
677 1679 841 1762 repulsum
871 1679 911 1741 iri
934 1680 1062 1761 poterat
1085 1700 1221 1762 sperare,
1244 1683 1281 1742 ut
1303 1679 1431 1743 facilius
1454 1677 1659 1743 Macedones

332 1778 387 1859 qui
411 1778 445 1840 in
470 1778 617 1842 citeriore
641 1776 804 1860 Hydaspis
827 1777 898 1860 ripa
921 1797 995 1840 cum
1020 1773 1150 1842 Cratero
1175 1780 1207 1842 et
1229 1776 1393 1864 Meleagro
1418 1778 1522 1841 relicti
1546 1781 1658 1860 erant,

331 1875 507 1939 traicerent
538 1875 687 1957 fluvium,
720 1876 747 1938 si
778 1873 914 1938 fortasse
947 1874 988 1938 ad
1020 1873 1118 1940 Indos
1151 1875 1383 1960 depugnandos
1416 1897 1498 1959 opus
1531 1880 1657 1940 essent.
1724 1871 1725 1954 ζ

332 1991 430 2056 quare
464 1974 498 2036 in
524 1971 680 2036 Indorum
713 1993 813 2036 cornu
846 1973 1012 2036 sinistrum
1041 1975 1182 2057 primum
1212 1975 1369 2058 impetum
1394 1974 1519 2038 studuit
1541 1973 1657 2038 facere

332 2092 405 2135 cum
429 2071 578 2135 omnibus
603 2070 776 2154 equitibus,
799 2092 937 2154 quorum
961 2073 1062 2136 aciem
1087 2074 1132 2136 ita
1156 2073 1317 2136 instruxit.
1355 2073 1389 2136 in
1406 2072 1513 2137 fronte
1531 2094 1657 2157 agema

331 2169 508 2234 amicorum
532 2192 605 2234 cum
629 2168 815 2234 Ptolemaeo
839 2170 874 2234 L.
893 2170 914 2233 f.
939 2174 971 2234 et
989 2169 1239 2255 Hephaestionis
1262 2170 1497 2256 Perdiccaeque
1520 2173 1656 2255 equites

332 2268 481 2356 collocati
513 2273 616 2351 erant,
648 2273 723 2332 ante
750 2290 805 2332 eos
833 2269 923 2332 mille
946 2268 1009 2332 Dai
1038 2265 1337 2354 hippotoxotae.¹⁶⁶)
1383 2269 1467 2333 hanc
1489 2270 1655 2335 maiorem

331 2369 456 2450 partem
486 2368 631 2449 equitum
642 2364 694 2452 1ῡῖ)
728 2367 795 2450 ipse
828 2387 884 2430 rex
916 2368 951 2430 in
979 2367 1089 2432 hostes
1117 2368 1221 2432 voluit
1250 2367 1373 2432 ducere.
1419 2368 1483 2431 iam
1512 2374 1656 2450 aparte

331 2486 442 2528 eorum
467 2465 577 2528 dextra
602 2464 767 2528 ordinibus
789 2465 823 2528 in
841 2469 1061 2529 transvorsum
1068 2462 1121 2550 158)
1141 2466 1232 2548 quasi
1252 2465 1355 2529 ductis
1375 2467 1472 2548 inque
1490 2462 1655 2531 ludorum

331 2563 432 2626 aciem
462 2563 622 2627 sinistram
652 2564 826 2647 conversis,
854 2567 891 2627 ut
923 2585 996 2628 cunr
1025 2565 1093 2628 acie
1121 2565 1262 2647 equestri
1284 2561 1460 2627 Alexandri
1488 2565 1655 2648 angulum

331 2661 508 2724 formarent
532 2682 707 2725 concavum
733 2659 859 2726 Coenus
867 2659 919 2748 159)
948 2662 1053 2726 stabat
1082 2683 1154 2725 cum
1183 2663 1284 2746 ipsius
1308 2662 1507 2746 hipparchia,
1530 2663 1656 2744 equiti·

331 2759 391 2824 bus
415 2763 451 2823 ut
475 2760 602 2824 videtur
629 2764 685 2824 aut
708 2759 833 2824 Bactris
857 2765 913 2824 aut
937 2758 1107 2845 Sogdianis
1130 2764 1186 2824 aut
1211 2759 1339 2842 Scythis
1349 2757 1414 2846 160);
1452 2760 1569 2842 quibus
1594 2764 1655 2825 ad-

331 2859 434 2921 iuncti
466 2863 557 2922 erant
587 2856 743 2922 Demetrii
776 2859 907 2941 equites.
954 2859 1059 2924 iussus
1092 2862 1200 2922 autem
1233 2862 1301 2922 erat
1333 2856 1459 2922 Coenus
1491 2855 1655 2924 ludorum

332 2953 515 3020 Alexandro
539 2957 738 3042 aggredienti
758 2956 1014 3040 obequitantium
1033 2960 1124 3041 terga
1143 2978 1295 3040 premere.
1339 2956 1374 3019 in
1392 2956 1522 3020 sinistro
1541 2955 1655 3022 Mace-

334 3054 454 3118 donum
478 3075 579 3118 cornu
602 3055 808 3139 hypaspistae
832 3056 931 3139 positi
954 3059 1054 3138 erant,
1077 3051 1271 3139 Seleuco¹⁶¹)
1296 3054 1389 3136 duce,
1413 3055 1509 3118 cincti
1533 3054 1655 3120 dextra

332 3156 423 3236 parte
447 3175 466 3216 a
486 3151 585 3217 Coeni
604 3151 744 3235 Chlique
762 3153 929 3217 acontistis
949 3153 1066 3236 quibus
1080 3150 1258 3237 Antigenes
1278 3151 1465 3235 imperabat,
1479 3189 1523 3196 -
1537 3153 1653 3234 ipsum

333 3249 476 3315 Coenum
500 3251 660 3333 equitibus
689 3251 887 3334 praefectum
914 3251 1013 3315 fuisse
1041 3251 1138 3314 modo
1162 3250 1382 3335 cognovimus,
1406 3250 1605 3314 —sinistra
1632 3277 1654 3316 a

332 3350 507 3434 sagittariis
534 3347 750 3434 Agrianisque
782 3371 863 3432 quos
891 3347 1021 3412 Tauron
1053 3350 1152 3414 duxit.
1199 3354 1295 3432 atque
1327 3348 1387 3412 hos
1416 3349 1544 3431 quidem
1578 3371 1653 3414 non

332 3449 421 3532 prius
454 3447 551 3511 ludos
584 3448 703 3510 adoriri
739 3448 833 3512 iussit
869 3469 966 3530 quam
1003 3448 1146 3511 hostium
1178 3448 1279 3512 aciem
1312 3447 1476 3511 sinistram
1507 3446 1652 3512 fractam

424 3599 485 3664 156)
504 3596 568 3649 vide
588 3594 662 3649 Curt.
673 3595 745 3662 VIII,
762 3601 839 3662 14,1s
859 3594 1122 3662 6611.Α11.11,163
1142 3598 1171 3650 61
1189 3601 1219 3662 4;
1238 3595 1371 3664 Polyaen.
1386 3595 1433 3662 IV,
1448 3600 1516 3661 221.

422 3671 483 3737 151)
503 3667 538 3720 cf.
553 3668 613 3719 Arr.
624 3666 658 3734 V,
674 3672 734 3735 163
753 3665 805 3735 τὴν
824 3666 928 3735 πολλὴν
946 3674 995 3735 τῆς
1013 3665 1101 3720 ἵππον
1120 3667 1277 3738 ἀναλαβών.
1316 3668 1391 3720 61161
1405 3666 1562 3735 Polyaenus
1583 3667 1602 3721 l.
1617 3668 1648 3736 1.,

333 3740 364 3793 τὸ
384 3737 466 3808 ἥμισυ
486 3739 590 3792 dicens.
665 3742 726 3807 158)
745 3740 821 3791 recte
840 3738 997 3806 Polyaenus
1017 3738 1035 3792 l.
1051 3739 1068 3791 l.
1088 3739 1119 3791 rb
1139 3735 1170 3791 δὲ
1189 3739 1288 3792 λοιπὸν
1308 3737 1337 3792 ἐν
1357 3735 1523 3810 ἐπικαμπίῳ.

424 3813 484 3878 169)
509 3809 543 3863 ef.
564 3811 651 3863 etiam
670 3809 1106 3878 Kochly-Rust0w1.1.p.3oa
1127 3809 1191 3863 adn.
1211 3811 1336 3862 ceterum
1356 3809 1483 3863 Curtium
1506 3809 1580 3862 male
1600 3811 1647 3864 in-

332 3881 501 3936 tellexerunt
524 3881 617 3934 adhuc
640 3881 767 3948 Droysen
785 3881 810 3933 H
833 3899 860 3950 p.
877 3886 928 3934 138
952 3881 1016 3934 adn.
1035 3887 1058 3946 1,
1081 3880 1144 3947 alii;
1172 3880 1249 3934 illius
1272 3880 1358 3934 verba
1382 3881 1522 3934 ‘dextrum
1549 3885 1645 3936 move'

332 3971 389 4007 11611
409 3955 450 4006 ‘in
470 3953 598 4006 dextrum
617 3953 741 4006 hostium
760 3969 846 4006 cornu
865 3953 956 4006 move'
977 3952 1144 4020 significare,
1165 3954 1299 4020 poterant
1316 3953 1375 4005 iam
1392 3951 1477 4006 verba
1496 3954 1647 4020 sequentia

333 4025 463 4094 prodere:
494 4025 535 4078 ‘et
553 4024 674 4077 turbatis
693 4025 806 4094 signum
824 4024 918 4090 infer’,
943 4024 979 4077 ab
997 4023 1158 4077 Alexandro
1177 4023 1286 4077 scilicet
1305 4024 1427 4077 turbatis
1446 4024 1543 4092 quiin
1562 4023 1645 4078 laevo

333 4114 419 4150 cornu
446 4097 571 4149 hostium
598 4097 685 4165 positi
709 4099 801 4162 erant3
828 4099 905 4149 16616
927 4095 986 4148 iam
1008 4095 1102 4164 pergit
1125 4093 1249 4148 Curtius:
1280 4092 1400 4149 ‘Coenus
1428 4095 1537 4164 ingenti
1561 4095 1588 4147 vi
1613 4097 1644 4150 in

334 4168 446 4222 laevum
466 4167 648 4237 (6611661111)
667 4167 816 4221 invehitur.
851 4167 982 4236 congruit
1001 4183 1065 4220 cum
1083 4166 1127 4218 his
1142 4167 1277 4220 Arrianus
1296 4167 1381 4235 plane
1395 4165 1428 4233 V,
1445 4172 1516 4234 16‚3:
1537 4170 1645 4222 Κοῖνον

334 4239 365 4292 δὲ
384 4240 486 4307 πέμπει
509 4240 551 4300 ὡς
575 4237 621 4292 ἐπὶ
644 4237 676 4292 τὸ
700 4237 793 4303 δεξιόν
812 4237 865 4292 ari.
903 4237 977 4291 Plut.
992 4256 1017 4291 1.
1032 4237 1110 4291 Alex.
1126 4255 1149 4291 c.
1170 4243 1203 4290 60
1222 4239 1284 4307 ipse
1303 4238 1357 4307 (vel
1377 4240 1475 4290 auctor
1493 4237 1642 4305 epistulae)

332 4311 444 4364 videtur
463 4326 577 4377 errasse,
597 4312 621 4363 si
640 4310 755 4378 quidem
774 4327 838 4364 eum
856 4326 887 4363 re
905 4325 971 4363 1616
990 4310 1135 4378 scripsisse
1152 4309 1315 4378 putabimus
1334 4310 1410 4378 quod
1424 4309 1551 4362 homines
1566 4309 1642 4364 docti

334 4382 523 4435 coniecerunt:
552 4387 659 4436 Κοῖνον
682 4381 713 4435 61
735 4385 773 4452 τῷ
797 4382 879 4454 δεξιῷ
902 4383 1070 4452 προσβαλεῖν
1093 4384 1220 4435 κελεῦσαι
1248 4384 1308 4450 (pro
1332 4389 1414 4463 κοινῇ
1440 4378 1471 4434 δὲ
1494 4380 1639 4450 codicum).

334 4454 410 4522 quod
434 4469 466 4506 66
489 4453 602 4506 facilius
630 4454 724 4521 potuit
751 4453 824 4519 fieri,
853 4469 918 4505 cum
940 4452 1005 4505 Pori
1029 4453 1138 4520 equites
1162 4452 1245 4505 initio
1264 4468 1377 4522 pugnae
1396 4469 1426 4504 1n
1445 4451 1553 4505 duobus
1572 4451 1639 4506 locis

334 4525 480 4578 constituti
505 4529 604 4580 essent.
643 4527 728 4593 atque
746 4524 914 4578 Plutarchus
941 4541 1036 4577 rursus
1060 4540 1155 4577 errans
1178 4523 1229 4577 1.1.
1249 4525 1344 4577 hostes
1368 4523 1518 4593 γενομένης
1540 4521 1570 4576 el
1591 4533 1639 4594 τῆς

333 4604 438 4665 τροπῆς
462 4594 636 4663 ἑκατέρωθεν
659 4597 816 4666 ἀναχωρεῖν
839 4595 884 4649 ἀεὶ
907 4595 978 4662 πρὸς
1000 4595 1035 4649 τὰ
1057 4593 1147 4664 θηρία
1170 4595 1294 4661 rettulit,
1314 4612 1378 4648 cum
1397 4595 1474 4663 apud
1493 4595 1638 4650 Arrianum

334 4668 369 4721 de
388 4668 447 4722 solo
467 4669 581 4722 sinistro
600 4668 732 4722 Indorum
751 4685 837 4721 cornu
855 4669 992 4721 narretur.
1067 4669 1128 4735 160)
1148 4666 1182 4720 of.
1199 4668 1259 4718 Arr.
1270 4666 1303 4732 V,
1320 4672 1394 4740 123.¹

425 4743 487 4808 161)
507 4739 541 4793 cf.
558 4741 593 4793 de
612 4740 656 4793 his
674 4741 734 4792 Arr.
751 4739 784 4807 V,
801 4745 859 4807 16,3
880 4742 909 4792 et
928 4754 1000 4808 quae
1019 4737 1081 4806 ipse
1100 4753 1185 4806 snpra
1204 4738 1312 4805 scripsi.
