3496 5308
263 1194 325 1292 De
357 1193 610 1294 Alexandri
640 1196 795 1316 Magni
826 1195 1114 1318 expeditione
1147 1197 1314 1298 Indica.

714 1391 810 1446 FASC.
830 1392 863 1447 H.

247 1535 309 1602 Sed
327 1538 493 1603 redeamus
516 1538 557 1602 ad
575 1560 625 1602 res
644 1539 685 1602 ab
704 1536 888 1604 Alexandro
908 1562 1004 1624 00110
1024 1544 1138 1625 gestas.
1175 1541 1216 1604 ad
1234 1540 1365 1624 Porum,
1388 1542 1443 1624 qui

130 1637 257 1721 legatos
276 1659 342 1701 non
360 1638 499 1720 miserat,
524 1635 791 1723 01000110οι11Ῑῖ)
814 1638 909 1702 iussit
931 1640 987 1722 ire,
1010 1660 1141 1722 sperans
1160 1637 1280 1702 Porum
1304 1641 1445 1702 nominis

132 1731 308 1798 Alexandri
331 1736 435 1820 gloria
458 1738 491 1799 et
517 1735 612 1799 factis
641 1740 840 1800 commotum
864 1758 973 1800 secum
996 1740 1166 1820 pacturum
1190 1759 1267 1800 csse.
1314 1738 1370 1819 qui
1394 1757 1444 1800 oe-

132 1853 300 1896 cursurum
325 1834 454 1916 quidem
483 1856 516 1896 se
545 1855 614 1896 esse
636 1832 805 1897 Macedoni
832 1835 996 1917 promisit,
1023 1856 1128 1917 neque
1157 1839 1267 1898 tamen
1290 1837 1445 1898 salutatu-

131 1953 204 1993 rum
228 1929 282 1994 sed
304 1930 508 1994 bellaturum.
555 1929 642 2012 quod
665 1952 739 1995 cum
762 1932 903 1996 audisset
926 1930 1117 2016 Alexander,
1140 1933 1261 1997 diutius
1291 1955 1357 1997 non
1380 1933 1444 1997 iam

131 2027 252 2092 Taxilis
285 2031 429 2092 moratus
462 2028 626 2092 sacrificiis
655 2030 758 2093 solitis
790 2029 884 2093 factis
916 2031 1065 2114 ludisque
1096 2031 1256 2094 institutis
1285 2031 1444 2116 gymnicis

132 2126 398 2209 equestribusque
431 2130 464 2189 et
496 2124 682 2190 Taxilarum
719 2128 875 2212 regionis,
907 2129 973 2212 cui,
1006 2133 1162 2210 quantum
1196 2129 1257 2193 sibi
1290 2129 1445 2213 poscebat

131 2225 269 2308 Taxiles,
292 2225 417 2306 adiecit,
441 2228 568 2306 satrapa
586 2226 699 2290 relicto
718 2224 935 2312 Philippo1¹⁸)
955 2226 1123 2291 Machatae
1145 2228 1214 2290 filio
1239 2249 1312 2292 cum
1335 2248 1444 2312 aegro-

131 2325 174 2388 tis
198 2323 356 2387 militibus
379 2322 530 2405 beMoque
553 2323 722 2388 inutilibus
746 2325 815 2408 ipse
834 2324 875 2388 ad
893 2324 1082 2410 Hydaspem
1101 2325 1236 2390 flauum
1255 2347 1444 2412 progressus

132 2418 245 2506 est.¹¹⁹)
293 2420 480 2504 procedenti
512 2422 542 2484 ei
570 2420 761 2486 Barsaentes
794 2423 849 2487 ille
876 2422 974 2488 Darei
1006 2424 1091 2509 regis
1119 2444 1192 2488 cum
1219 2422 1320 2488 Besso
1348 2424 1445 2487 inter-

130 2521 234 2585 fector
266 2524 298 2584 et
330 2523 443 2602 postea
471 2517 722 2584 Arachosiorum
756 2521 922 2585 seditionis
955 2525 1068 2586 auctor
1095 2543 1169 2586 oum
1197 2523 1301 2586 amico
1331 2523 1444 2606 regulo

132 2621 267 2704 exiguae
290 2615 446 2682 Indorum
469 2619 572 2701 partis
596 2615 734 2683 Samaxo
742 2615 794 2705 120)
819 2620 920 2684 vincti
947 2619 1149 2684 adducuntur
1172 2642 1245 2684 cum
1268 2619 1361 2683 XXX
1384 2621 1445 2683 ele-

106 2717 272 2802 phantis.
325 2738 406 2800 quos
439 2715 544 2780 Taxili
577 2717 744 2781 comitanti
777 2715 959 2782 Alexander
990 2718 1138 2803 tradidit,
1170 2719 1379 2783 Barsaentem
1412 2723 1444 2781 et

133 2813 308 2878 Samaxum
326 2815 362 2878 in
380 2815 560 2878 custodiam
579 2815 676 2900 dedit,
699 2816 839 2898 priorem
858 2815 968 2899 paullo
987 2821 1062 2900 post
1080 2821 1118 2880 ut
1136 2817 1264 2880 videtur
1283 2816 1443 2901 supplicio

133 2910 303 3000 0110011111)
349 2912 477 2977 Taxiles
501 2915 663 2997 ceterique
691 2913 780 2977 illius
804 2915 945 3000 regionis
968 2915 1130 2999 principes
1154 2915 1277 2979 subditi
1300 2937 1386 2979 nunc
1408 2920 1445 2979 ut

223 3107 283 3175 117)
303 3106 378 3160 solus
398 3106 509 3161 Curtius
533 3107 587 3161 hoc
610 3107 731 3161 tradidit
750 3106 821 3173 VIII,
838 3113 907 3175 13,2,
932 3109 977 3162 001
996 3109 1026 3162 in
1044 3108 1098 3162 hae
1117 3125 1148 3162 10
1166 3109 1250 3163 fidem
1268 3108 1368 3162 habeo.
1406 3108 1441 3162 cf.

133 3178 246 3232 Lenium
264 3197 291 3248 p.
308 3184 341 3232 33
362 3179 465 3232 011112.

222 3255 283 3320 118)
307 3251 457 3320 imperium
480 3251 606 3305 militare
628 3249 788 3304 Alexander
810 3250 1012 3304 Macedonibus
1040 3251 1153 3306 tradere
1181 3251 1303 3318 solebat,
1333 3250 1443 3306 civilem

134 3321 415 3390 administrationem,
434 3325 467 3375 ut
485 3323 528 3376 ita
546 3323 648 3389 dicam,
667 3321 782 3393 regibus
801 3323 931 3390 permisit
949 3322 1061 3377 Indicis.
1090 3324 1326 3390 quemadmodum
1340 3323 1442 3376 utrius-

134 3410 199 3462 que,
228 3395 256 3447 et
283 3395 359 3464 regis
382 3393 472 3448 Indici
501 3396 530 3448 et
558 3397 689 3463 satrapae
712 3393 889 3448 Macedonici
912 3395 975 3448 iura
999 3396 1027 3448 01
1050 3394 1144 3448 officia
1166 3395 1304 3464 discripta
1328 3394 1442 3461 fuerint,

133 3467 263 3588 accurate
287 3465 398 3590 bhfinffi
421 3466 528 3534 nequit.
567 3465 601 3519 01.
623 3467 710 3520 etiam
729 3466 842 3519 Kaerst:
872 3465 1009 3536 Meldpttbte
1027 3467 1072 3523 101
1091 3466 1283 3538 1110111111111
1301 3465 1443 3536 8111011111

183 3543 256 3590 ,363
276 3554 293 3590 a
335 3544 379 3590 ,2.

161 3554 180 3606 p
221 3611 283 3678 119)
307 3625 364 3676 qua
387 3609 433 3662 via
451 3608 611 3663 Alexander
633 3608 777 3679 profectus
796 3610 834 3662 sit
851 3625 992 3676 nusquam
1010 3609 1154 3663 indicatur
1171 3609 1227 3663 nisi
1246 3609 1322 3676 quod
1342 3607 1442 3662 Strabo

132 3678 182 3732 XV
200 3699 226 3749 p.
244 3685 308 3734 700:
336 3680 440 3735 tradit:
460 3680 478 3749 ἡ
501 3679 552 3750 μὲν
571 3677 622 3735 οὖν
641 3679 720 3751 μέχρι
738 3689 787 3736 τοῦ
802 3677 943 3734 Ὑδάσπου
967 3679 1033 3743 ὁδὸς
1055 3681 1087 3734 τὸ
1110 3678 1195 3735 πλέον
1217 3673 1252 3748 ἦν
1279 3679 1325 3734 ἐπὶ
1343 3697 1442 3749 μεσημ-

133 3749 228 3822 βρίαν,
237 3752 304 3874 dglad
326 3751 406 3822 legas
425 3752 511 3807 velim
534 3769 607 3820 quae
631 3752 706 3806 infra
729 3752 890 3821 scripserim
912 3752 948 3806 de
971 3751 1033 3805 1000
1057 3751 1106 3806 ubi
1125 3750 1288 3820 Hydaspem
1311 3753 1441 3805 transmi-

133 3824 236 3875 serita
277 3828 358 3876 ,las

222 3897 283 3962 120)
302 3893 346 3947 vel
365 3895 499 3963 Gamaxo,
518 3912 584 3948 nam
604 3894 693 3949 Curtii
712 3896 823 3950 codices
842 3895 960 3948 variant.
1196 3962 1199 3968 Ι

222 3967 283 4034 121)
303 3963 414 4021 Curtius
434 3967 509 4020 solus
527 3967 640 4021 rettulit
653 3967 725 4035 VHI,
741 3973 800 4034 13,3
820 3967 1003 4020 Barsaentem
1022 3984 1085 4019 eum
1104 3966 1223 4020 Samaxo
1243 3966 1284 4020 ibi
1304 3966 1441 4019 adductos

134 4038 160 4089 et
178 4036 208 4089 in
232 4037 390 4090 custodiam
412 4039 533 4092 traditos
557 4055 625 4093 esse.
663 4039 732 4107 quid
755 4038 826 4106 iMis,
849 4039 1016 4108 praesertim
1035 4038 1198 4105 Barsaente,
1216 4041 1315 4107 postea
1334 4038 1442 4091 factum

133 4108 169 4160 sit
192 4123 249 4160 non
267 4111 371 4162 namet.
409 4109 499 4163 levius
524 4110 644 4164 fortasse
667 4111 803 4177 1111001111,
823 4110 1007 4163 Barsaentem
1029 4113 1090 4164 tum
1114 4126 1131 4162 a
1150 4107 1245 4163 Curtio
1264 4110 1442 4179 Drangarum

132 4181 159 4232 et
177 4179 394 4233 Arachosiorum
413 4184 556 4250 satrapam
579 4185 608 4235 et
626 4183 843 4236 Arachosiorum
866 4182 1013 4235 seditionis
1037 4181 1177 4234 nominari
1201 4183 1357 4247 auctorem,
1378 4198 1441 4234 eum

134 4251 208 4319 apud
227 4251 358 4305 eiundem
376 4251 422 4319 VI,
438 4258 498 4319 6,36
517 4253 708 4307 Alexandrum
731 4254 836 4324 fugiat,
863 4254 931 4320 quia
955 4270 1018 4306 cum
1037 4253 1122 4306 Besso
1141 4252 1264 4306 Dareum
1282 4254 1440 4305 necaverat.

133 4321 186 4376 tuit
205 4325 280 4378 00110
300 4326 329 4376 01
348 4325 413 4376 ante
433 4327 461 4377 et
479 4327 543 4392 0001
561 4325 684 4378 Dareum
702 4327 835 4379 necatum
853 4325 967 4378 illarum
985 4325 1132 4395 regionum
1146 4326 1268 4393 satrapa.
1306 4323 1441 4376 Arrianus

133 4393 176 4461 Ill,
192 4400 271 4462 25,14
293 4395 417 4448 breviter
439 4399 536 4449 narrat
559 4413 623 4450 eum
648 4398 740 4450 occiso
759 4396 850 4449 Dareo
875 4396 912 4449 ad
930 4396 1013 4448 Indos
1036 4397 1102 4457 τοὺς
1125 4395 1170 4449 ἐπὶ
1197 4395 1264 4448 τάδε
1282 4402 1332 4448 τοῦ
1348 4392 1441 4448 Ἰνδοῦ

133 4475 258 4537 ποταμοῦ
281 4466 401 4538 fugisse,
426 4469 540 4536 captum
563 4471 659 4521 tamen
683 4469 718 4522 ab
742 4467 801 4521 illis
826 4469 854 4520 et
880 4468 917 4520 ad
935 4466 1126 4520 Alexandrum
1144 4467 1261 4520 missum
1281 4468 1309 4520 et
1327 4467 1442 4534 propter

133 4537 253 4593 Dareum
271 4538 452 4592 interfectum
471 4539 611 4608 supplicio
630 4540 666 4592 ab
686 4539 845 4593 Alexandro
870 4538 1002 4592 effectum
1026 4554 1093 4592 esse.
1132 4555 1196 4591 cum
1214 4554 1270 4590 non
1289 4537 1440 4603 dicatque

133 4611 256 4680 tempore
274 4610 326 4664 illa
345 4610 422 4665 faeta
441 4611 506 4678 sint,
525 4628 581 4664 non
601 4627 700 4664 caussa
719 4613 770 4678 est,
790 4627 839 4664 cur
853 4609 942 4663 Curtii
962 4611 1118 4663 narrationi
1138 4610 1250 4662 omnino
1270 4607 1440 4661 diffidamus.

133 4682 241 4736 videtur
269 4683 343 4736 enim
366 4682 534 4736 Barsaentes
558 4683 649 4736 Dareo
677 4686 778 4736 necato
806 4682 896 4751 primo
925 4681 962 4733 ad
986 4681 1167 4747 Arachosios,
1195 4683 1257 4733 tum
1281 4679 1441 4732 Alexandro

135 4755 375 4822 appropinquante
400 4755 436 4807 ad
454 4755 538 4808 Indos
561 4754 636 4807 infra
656 4752 744 4807 Cabul
768 4753 883 4806 fluvium
907 4753 979 4806 citra
997 4753 1097 4806 Indum
1121 4752 1285 4805 habitantes
1313 4768 1342 4805 se
1365 4767 1440 4804 rece-

1210 4847 1227 4894 4
