3496 5308
722 323 1060 410 -11-'

181 503 416 594 moveretur.²²)
462 505 543 590 ipsis
575 509 684 571 tamen
710 505 836 572 Bactris
864 507 1044 572 coercendis
1071 507 1203 592 reliquit
1230 509 1356 592 pedites
1379 509 1487 574 decem

182 605 279 689 milia,
303 603 427 689 equites
450 603 513 669 tria
536 603 625 669 milia
648 603 893 692 quingentosffi)

268 701 468 767 Transmisso
493 701 633 768 Caucaso
657 702 752 767 hodie
773 702 970 769 Hindukush
993 708 1106 769 vocato
1130 705 1244 770 diebus
1268 703 1424 793 decemu)
1443 744 1488 753 —

179 824 254 866 nam
284 800 336 865 via
364 800 496 866 incessit
526 801 671 866 breviore
699 823 795 885 quam
823 806 917 866 antea
944 806 1013 868 erat
1040 800 1165 890 usus²⁵)
1196 841 1234 850 —
1260 802 1487 868 Alexandriam

180 900 219 963 ad
246 898 360 964 urbem
382 921 487 984 nuper
509 899 671 963 conditam
693 899 781 964 venit
804 899 918 984 ibique
941 901 1143 986 aliquantum
1165 901 1322 985 temporis
1345 906 1488 967 moratus

180 1002 237 1063 est.
283 997 480 1063 Niloxenum
504 996 579 1062 urbi
602 997 801 1082 praefectum
826 1002 858 1062 et
881 1003 1043 1084 satrapem
1066 998 1209 1086 reglonis
1228 999 1385 1064 Proexem
1403 1023 1488 1065 amo·

178 1096 235 1180 vit,
258 1118 331 1160 eum
354 1095 437 1159 male
460 1094 566 1159 officio
589 1095 693 1159 functi
716 1117 784 1160 esse
807 1095 1004 1162 viderentur:
1028 1119 1138 1185 eorum
1159 1097 1230 1162 loco
1249 1096 1340 1162 urbis
1359 1097 1487 1182 quidem

179 1193 472 1259 administratorem
504 1197 536 1256 et
568 1193 748 1277 praesidem
778 1193 972 1259 Nicanorem
1000 1218 1038 1276 ex
1066 1194 1190 1281 amieis,
1218 1193 1319 1259 totius
1346 1195 1488 1282 regionis

178 1290 488 1376 Paropanisadarum
520 1294 553 1354 et
584 1290 728 1375 reliquae
761 1291 800 1355 ad
829 1290 1059 1380 Cophenem²⁶)
1093 1315 1194 1378 usque
1227 1315 1352 1357 amnem
1379 1293 1488 1358 Kabul

179 1468 272 1523 litiam
291 1468 427 1537 perpetuo
442 1469 612 1537 exercentes)
632 1485 702 1522 auro
715 1474 741 1521 et
753 1468 830 1523 ebore
843 1469 948 1541 scalpere
961 1470 1101 1525 dicebaut:
1119 1471 1212 1538 itaque
1225 1471 1323 1524 necubi
1336 1473 1489 1524 uinceretur

179 1559 241 1595 cam
259 1541 352 1594 ceteris
367 1545 521 1607 praestaret
539 1541 622 1594 scatia
640 1545 783 1610 arpeateas
797 1541 925 1607 taracus,
944 1543 1020 1610 cquis
1033 1542 1126 1608 frenos
1140 1558 1237 1596 aureos
1251 1541 1370 1607 addidit,
1389 1543 1489 1597 loricas

180 1629 284 1680 qaoque
312 1612 383 1665 attae
408 1627 478 1665 aare
506 1612 577 1665 altas
600 1617 712 1681 arpeato
736 1611 891 1666 adornauit.
933 1611 1044 1666 Similia
1065 1612 1137 1666 Just.
1175 1612 1234 1680 Vll,
1260 1617 1287 1667 7:
1316 1615 1362 1667 cai
1384 1614 1488 1684 ptoriae

179 1689 211 1736 at
238 1684 320 1737 etiam
346 1683 479 1736 eaercdus
506 1687 667 1736 oraarraeata
694 1684 881 1750 coaaeatreat,
905 1685 1036 1752 phaleras
1062 1701 1193 1753 equorum
1219 1690 1246 1738 et
1268 1701 1347 1738 arma
1369 1685 1489 1739 ruditum

180 1759 292 1825 arpeato
309 1753 426 1819 traducit,
444 1755 642 1822 exercitamque
660 1770 741 1808 saara
760 1757 895 1835 arpeater's
907 1755 1001 1824 clupeis
1015 1755 1215 1827 arpyraspidas
1233 1757 1389 1824 appellavit.
1432 1773 1488 1809 non

180 1843 292 1894 prorsus
315 1825 533 1879 contemnendos
557 1841 617 1878 esse
640 1824 691 1878 hos
718 1827 833 1880 nuntios
851 1825 954 1880 iudico.
991 1826 1143 1896 plurimum
1162 1825 1236 1880 enim
1255 1826 1349 1880 valere
1369 1826 1405 1880 ad
1424 1844 1488 1881 auc-

179 1895 324 1950 toritatem
342 1899 371 1949 et
388 1895 464 1966 regis
484 1898 513 1950 et
531 1895 669 1950 exercitus
682 1913 737 1951 non
752 1896 835 1951 modo
848 1897 982 1951 virtutem
995 1897 1123 1967 viresque
1137 1898 1187 1951 sed
1201 1896 1288 1952 etiam
1302 1897 1487 1967 splendorem,

179 1967 345 2037 praesertim
368 1984 431 2021 cum
454 1967 541 2022 etiam
559 1967 708 2021 Persarum
730 1967 868 2022 exercitus
891 1968 944 2040 tali
962 1967 1073 2024 luxuria
1091 1968 1134 2022 uti
1153 1968 1283 2037 solerent,
1302 1967 1408 2038 optime
1426 1986 1487 2039 per·
1548 2021 1549 2024 ,

180 2042 310 2109 sperarat
328 2038 494 2093 Alexander.
539 2041 710 2108 quapropter
729 2038 816 2093 etiam
835 2039 948 2094 adorari
966 2056 996 2094 se
1013 2039 1064 2094 illo
1082 2040 1144 2110 ipso
1163 2043 1289 2110 tempore
1310 2040 1399 2094 iussit.
1445 2058 1488 2094 ce-

180 2114 271 2165 terum
289 2109 425 2164 Arrianus
444 2109 503 2178 VII,
524 2116 584 2176 11,3
609 2111 721 2164 demum
743 2110 924 2181 hypaspistas
944 2111 1143 2182 argyraspidas
1161 2112 1303 2179 nominat,
1326 2129 1396 2180 quos
1419 2111 1488 2167 item

180 2181 204 2236 si
229 2181 375 2251 appellant
393 2180 505 2236 Curtius
523 2180 570 2251 IV,
591 2187 668 2248 1327
693 2184 722 2236 et
740 2179 879 2237 Diodorus
898 2182 983 2251 xvn,
1003 2188 1062 2250 572
1082 2181 1139 2237 iam
1157 2182 1186 2236 in
1205 2180 1301 2253 pugna
1320 2184 1357 2236 ad
1376 2182 1487 2254 Gauga-

85 2276 87 2280 ·
179 2253 255 2308 mela
273 2253 359 2322 facta,
378 2269 445 2306 voce
463 2255 563 2322 postea
582 2253 617 2306 de
635 2252 694 2307 illis
711 2253 827 2307 inventa
844 2253 903 2308 iam
921 2253 951 2306 in
968 2253 1070 2324 prioris
1088 2270 1201 2324 pugnae
1220 2253 1408 2324 descriptione
1425 2271 1488 2324 per-

178 2341 276 2394 peram
295 2325 339 2378 usi
358 2327 431 2378 sunt.
464 2327 560 2378 tamen
579 2323 663 2378 nimis
681 2341 737 2380 rem
759 2327 872 2379 auctam
890 2341 951 2378 esse
970 2342 988 2379 a
1002 2324 1091 2379 Curtii
1110 2329 1224 2379 auctore
1239 2326 1274 2379 de
1287 2328 1349 2379 toto
1364 2325 1488 2380 exercitu

179 2396 312 2464 loquente
336 2397 466 2466 apparet3
489 2395 604 2467 propius
627 2397 664 2450 ad
686 2412 782 2449 verum
804 2395 862 2449 iam
885 2396 1035 2451 accesserit
1057 2396 1161 2450 Justini
1180 2398 1289 2451 auctor:
1316 2413 1350 2450 ac
1368 2396 1488 2451 fortasse

180 2483 214 2521 ex
237 2467 313 2521 illius
337 2467 498 2521 narratione
522 2470 551 2521 et
573 2483 640 2521 voce
660 2467 875 2538 argyraspidum
894 2467 1023 2522 concludi
1041 2467 1109 2522 licet
1126 2467 1209 2522 initio
1227 2467 1408 2538 hypaspistas
1426 2471 1488 2522 tan-

178 2542 240 2593 tum
257 2538 333 2609 regis
351 2538 497 2593 voluntate
517 2541 663 2608 argenteos
682 2538 815 2592 habuisse
834 2539 939 2609 clipeos
958 2541 987 2593 et
1005 2539 1113 2608 equites
1133 2538 1237 2593 amicos
1255 2539 1336 2593 frena
1354 2556 1488 2607 equorum

180 2627 273 2664 aurea.
310 2609 367 2664 iam
392 2609 502 2664 Curtius
521 2609 568 2677 IX,
588 2616 648 2678 3,21
674 2610 710 2664 ad
734 2609 880 2664 Acesinum
902 2610 1080 2666 Memnonem
1103 2610 1139 2664 ad
1162 2610 1353 2665 Alexandrum
1377 2610 1487 2666 venisse

181 2681 251 2736 dicit
270 2698 333 2735 cum
352 2698 492 2735 armorum
506 2681 583 2735 XXV
597 2681 712 2735 milibus
730 2698 798 2736 auro
813 2685 843 2736 et
856 2684 974 2753 argento
989 2681 1168 2750 caelatorum,
1188 2681 1264 2751 quis
1284 2681 1487 2736 distributis

178 2755 298 2807 vetera
322 2751 465 2806 cremari
491 2752 602 2807 iussit.
640 2756 702 2807 tum
719 2752 808 2823 igitur
826 2770 883 2807 non
901 2753 992 2808 solum
1009 2753 1194 2823 hypaspistae
1213 2753 1262 2807 sed
1281 2769 1376 2808 omnes
1395 2753 1488 2807 Mace·

180 2825 267 2878 dones
285 2823 422 2894 gravioris
441 2827 601 2878 armaturae
619 2824 726 2878 talibus
745 2842 763 2879 a
780 2841 846 2895 rege
865 2824 950 2878 armis
967 2824 1066 2880 donati
1079 2823 1210 2878 videntur
1224 2841 1291 2879 esse.
1324 2841 1358 2878 ex
1371 2823 1487 2893 reliquis

179 2913 235 2950 non
258 2912 363 2965 paucos
386 2895 486 2950 horum
509 2911 586 2950 exem
607 2895 666 2950 lum
690 2913 758 2950 sane
781 2895 916 2950 credibile
939 2898 982 2950 est
1004 2895 1129 2950 imitatos
1153 2912 1226 2965 esse,
1250 2899 1283 2950 ut
1301 2895 1336 2950 de
1354 2895 1487 2950 Antiochi

181 2966 279 3036 Syriae
301 2965 376 3037 regis
400 2966 524 3022 exercitu
547 2967 573 3022 V
603 2984 640 3022 er.
677 2966 790 3022 Maxim.
815 2968 895 3034 IX‚1
921 2969 975 3022 ext.
1000 2975 1016 3022 4
1039 2970 1149 3022 narrat:
1173 2966 1326 3037 (Antiochi)
1353 2983 1488 3021 caecam

180 3041 213 3092 et
241 3041 408 3093 amentem
435 3038 606 3093 luxuriam
632 3038 805 3093 exercitus
833 3038 992 3093 imitatus
1020 3055 1141 3110 magna
1169 3055 1207 3092 ex
1235 3041 1333 3108 parte
1363 3055 1486 3093 aureos

180 3110 296 3164 clavos
320 3109 472 3180 crepidis
496 3110 671 3165 subiectos
694 3109 824 3164 habuit.
868 3109 994 3164 Similem
1018 3110 1178 3180 superbiam
1197 3109 1310 3164 etiamsi
1328 3109 1488 3164 Alexander

178 3181 209 3235 in
232 3179 330 3236 amicis
353 3181 436 3236 valde
459 3181 629 3251 vituperavit
651 3182 696 3251 (cf.
716 3181 791 3236 Plut.
810 3181 888 3237 Alex.
907 3199 933 3236 v.
953 3198 975 3235 c.
995 3184 1050 3306 40),
1073 3184 1169 3236 tamen
1192 3181 1221 3235 in
1241 3180 1326 3235 armis
1345 3181 1487 3250 ornandis,

179 3256 240 3308 tum
257 3252 436 3322 praesertim,
457 3253 561 3307 idcirco
601 3255 676 3307 otest
693 3252 792 3307 tulisse
811 3253 887 3322 quod
904 3253 958 3308 hoc
976 3270 1022 3307 mo
1044 3270 1060 3308 o
1080 3252 1233 3307 combustis
1251 3252 1381 3308 omnibus
1400 3252 1487 3323 impe-

179 3324 312 3378 dimentis
341 3325 377 3378 ad
406 3324 513 3378 bellum
539 3271 667 3378 Indicum
693 3342 750 3379 non
774 3324 939 3380 necessariis
962 3323 1067 3379 milites
1091 3324 1297 3394 quodammodo
1324 3324 1488 3394 praedam

180 3412 292 3450 secum
309 3398 448 3467 portare
466 3397 605 3465 poterant.

268 3469 313 3538 22)
332 3467 366 3521 ef.
387 3466 461 3522 Curt.
476 3466 549 3534 VIH,
564 3472 605 3534 e,1
627 3467 672 3520 cui
691 3483 777 3536 quare
795 3467 849 3523 hoc
867 3467 929 3522 loco
943 3466 1104 3522 diffidamus
1117 3483 1175 3521 non
1189 3466 1279 3521 video.
1312 3467 1346 3520 Η.
1361 3467 1487 3536 Droysen

181 3538 199 3593 l.
218 3537 236 3592 l.
255 3557 281 3608 p.
302 3543 335 3593 57
355 3555 418 3592 oum
443 3537 548 3592 scribat
571 3545 645 3608 „aaa
666 3537 778 3596 dautur
798 3539 946 3620 tortrtuqt,
972 3582 977 3593 .
999 3584 1004 3594 .
1025 3581 1030 3592 .
1055 3540 1121 3596 tana
1139 3539 1187 3595 tea
1206 3539 1293 3609 111111)
1312 3538 1384 3595 ciues
1403 3539 1486 3611 Besa:

180 3609 257 3679 utiles
275 3609 342 3678 nicht
360 3609 568 3680 beaatpmdea‘,
589 3612 672 3665 errat.
710 3610 857 3665 confundit
875 3627 950 3665 emm
966 3610 1042 3664 XXX
1060 3609 1151 3664 millia
1169 3609 1317 3664 Persarum
1336 3609 1488 3664 admodum

181 3679 401 3735 adolescentium
419 3713 454 3721 -
472 3683 578 3743 παῖδας
600 3681 729 3736 nominat
752 3698 799 3736 eos
817 3681 890 3736 Plut.
910 3681 988 3737 Alex.
1003 3688 1037 3736 47
1054 3683 1083 3736 et
1098 3687 1140 3746 71,
1159 3678 1241 3744 νέους
1276 3679 1327 3752 μὲν
1345 3686 1487 3744 παντελῶς

180 3757 242 3812 ταῖς
259 3750 380 3819 ἡλικίαις
415 3752 496 3807 Diod.
517 3753 602 3820 XVII,
623 3759 673 3807 108
693 3753 791 3822 —qui
809 3769 935 3824 regresso
954 3753 1066 3807 demum
1085 3769 1119 3806 ax
1137 3751 1218 3806 India
1236 3752 1396 3807 Alexandro
1415 3753 1486 3808 Susa

181 3825 336 3891 occurrunt,
354 3823 503 3878 eumXXX
516 3822 642 3878 millibus
655 3824 797 3880 iuniorum
811 3840 887 3892 sane,
902 3824 951 3878 sed
964 3823 1095 3893 militum,
1115 3840 1149 3876 ex
1165 3823 1320 3878 omnibus
1333 3823 1486 3894 provinciis

180 3892 269 3960 lectis,
289 3893 325 3948 cf.
344 3893 430 3948 etiam
448 3895 519 3950 alios
538 3912 608 3964 quos
628 3913 722 3950 secum
741 3913 775 3949 ex
793 3895 946 3964 provinciis
965 3895 1089 3949 subactis
1108 3894 1188 3950 duxit
1205 3894 1310 3950 milites
1327 3895 1487 3950 Alexander

180 3965 259 4019 velut
280 3964 509 4035 hippakontistae
533 3967 604 4038 (Arr.
628 3967 675 4033 ΙΠ,
699 3969 779 4092 supp,
803 3967 947 4020 Daharum
970 3966 1168 4037 hippotoxotas
1191 3967 1248 4037 (IV,
1268 3969 1348 4038 241),
1377 3966 1486 4036 equites

179 4035 345 4091 Bactrianos
364 4039 393 4090 et
407 4037 563 4107 Sogdianos
578 4038 634 4108 (IV,
651 4040 730 4109 173),
773 4038 903 4092 rachotas
922 4040 951 4092 et
964 4037 1189 4107 Paropanisadae
1205 4039 1249 4107 (V,
1265 4043 1344 4107 11,3),
1364 4037 1485 4107 Scythas

179 4108 324 4250 gillam),
348 4108 431 4162 Indos
450 4108 493 4178 (V,
514 4114 556 4176 3,6
576 4112 605 4164 et
622 4109 656 4177 V,
676 4112 744 4181 8,5);
768 4109 889 4179 denique
912 4110 1053 4180 Zarangae
1076 4109 1163 4164 Areos
1186 4109 1359 4179 Parthyaeoe
1377 4109 1486 4164 Euaces

269 4250 602 4322 mmmmm.

269 4322 519 4394 mamma

270 4396 314 4465 25)
334 4394 368 4448 cf.
393 4392 485 4448 Strab.
504 4394 554 4448 XV
573 4414 600 4466 p.
621 4401 685 4450 697:
709 4396 844 4465 ὑπερθεὶς
866 4395 901 4450 τὰ
925 4395 997 4451 αὐτὰ
1021 4395 1071 4466 ὅρη
1096 4394 1154 4450 κατ’
1180 4395 1265 4460 ἄλλοις
1288 4394 1487 4457 ὁδοὺς-ἐπιτο-

180 4464 310 4534 μωτέρας.
344 4464 390 4520 via
409 4482 482 4520 anno
502 4471 553 4520 329
567 4467 727 4522 Alexander
744 4467 885 4536 profectus
905 4470 956 4534 est,
975 4484 1048 4535 quae
1066 4467 1151 4522 hodie
1164 4466 1373 4521 Khawak-Pass
1390 4467 1484 4538 appel-

179 4537 268 4605 latur,
297 4537 360 4590 vide
384 4535 471 4590 etiam
488 4537 601 4594 Lassen.
629 4538 976 4609 arripuissem,
1000 4538 1086 4594 rediit
1104 4538 1150 4592 via
1169 4555 1241 4608 quae
1260 4537 1485 4608 Kipschalr-Pass

180 4610 296 4662 vocatur
313 4608 348 4662 cf.
369 4607 510 4663 Schuffert
527 4608 546 4662 l.
565 4609 583 4664 l.
602 4629 629 4681 p.
650 4615 674 4662 9.

270 4684 316 4750 26)
335 4679 443 4749 Cophes
466 4683 592 4735 veterum
614 4697 688 4734 nunc
712 4697 729 4734 a
751 4681 922 4752 geographis
936 4681 1030 4735 Kabul
1048 4681 1150 4736 fluvius
1169 4681 1281 4735 dicitur.
1301 4680 1335 4734 cf.
1350 4681 1484 4750 Droysen.

180 4749 214 4816 Η,
233 4755 296 4820 1023
315 4751 429 4806 Lassen.
448 4751 481 4808 H.
496 4771 523 4823 p.
540 4758 600 4824 133,
619 4752 782 4823 Hertzberg.
801 4753 827 4807 H
840 4771 866 4823 p.
883 4759 943 4808 209.
980 4752 1116 4808 historiae
1129 4751 1283 4807 Alexandri
1302 4752 1484 4823 scriptoribus
