3496 5308
839 257 1054 322 ..24-

295 418 328 484 in
352 415 531 484 Assacanos
559 417 623 483 iam
651 418 743 482 duxit
765 415 962 504 Alexander,
989 417 1040 482 cui
1063 439 1136 482 cum
1159 417 1329 484 adventare
1352 417 1508 483 sentirent
1532 417 1626 482 bar-

295 518 366 582 bari
394 517 495 582 aciem
523 517 700 582 conlectam
725 538 792 582 non
815 516 884 582 ausi
908 537 1073 602 opponere
1096 515 1130 581 in
1154 537 1244 581 suam
1269 515 1407 600 quisque
1431 515 1545 580 urbem¹
1576 537 1624 580 se

296 637 454 700 recepere,
485 615 559 679 inde
586 615 695 680 hostes
722 613 891 679 defendere
919 613 1071 680 conaturi.
1123 615 1234 698 itaque
1258 636 1314 679 rex
1338 613 1481 701 singulas
1503 613 1622 678 urbes

297 734 469 800 aggressus
501 716 559 778 est.
605 711 746 798 primum
778 713 812 776 in
844 712 1017 777 maximam
1050 733 1083 776 se
1111 712 1209 776 vertit
1236 733 1308 776 cum
1337 715 1406 776 toto
1435 711 1621 776 exercitui:

296 811 454 897 Massaga,
483 833 581 895 quam
604 809 777 894 sperabant
800 809 931 875 barbari
954 809 1047 875 facile
1071 832 1105 875 se
1128 831 1225 894 posse
1248 807 1391 896 tueri⁶⁸);
1420 809 1499 894 quin
1522 832 1622 874 mer-

297 908 432 973 cenariis
460 931 499 972 ex
527 907 681 972 interiore
705 906 797 972 India
827 909 989 996 aggressis
1011 908 1086 972 freti
1110 946 1154 956 —
1176 930 1251 972 nam
1275 912 1366 972 erant
1389 911 1514 992 septem
1538 908 1621 972 fere

296 1006 398 1071 millia
426 1045 470 1053 —
498 1005 532 1070 in
560 1004 751 1070 Macedones
778 1010 852 1070 ante
881 1005 986 1091 ipsum
1014 1028 1141 1072 murum
1169 1009 1274 1070 castra
1301 1008 1457 1090 ponentes
1485 1005 1619 1096 cursim

297 1104 454 1190 impetum
489 1100 661 1191 faciunt.⁶⁹)
707 1103 865 1188 proelium
924 1102 1108 1169 Alexander
1140 1103 1200 1168 snb
1233 1102 1314 1188 ipsis
1341 1103 1442 1168 muris
1469 1101 1533 1168 sibi
1558 1103 1620 1167 fu-

299 1306 395 1380 (quem
420 1295 567 1351 Garroiam
593 1295 721 1352 nominat
748 1296 806 1368 ille)
834 1296 914 1351 fluvii
941 1300 1038 1368 aperte
1061 1298 1144 1352 ambo
1163 1296 1359 1352 discernuntur
1377 1313 1395 1351 a
1412 1296 1619 1421 Megasthene,

298 1369 362 1422 vrde
376 1367 438 1422 Arr.
452 1367 510 1421 Ind.
523 1386 544 1422 c.
556 1374 625 1436 4,11.
654 1368 729 1423 idem
743 1368 879 1422 Arrianus
893 1368 982 1423 alium
996 1371 1108 1423 secutus
1123 1371 1266 1423 auctorem
1280 1367 1310 1422 in
1324 1368 1421 1438 exped.
1432 1369 1458 1422 A
1471 1411 1476 1422 .
1487 1367 1533 1437 IV,
1545 1373 1617 1436 aa?

297 1439 353 1494 nisi
372 1438 513 1493 Guraeum
526 1439 641 1493 fluvium
655 1457 711 1494 non
726 1442 932 1494 commemorat.
970 1440 1052 1494 rebus
1067 1439 1155 1510 igItur
1165 1439 1293 1495 omnibus
1311 1439 1455 1510 perpensis
1470 1438 1615 1492 debemus

300 1509 433 1565 arbitrari
451 1509 641 1564 Alexandrum
658 1510 733 1565 infra
752 1510 922 1565 confluentes
941 1511 1092 1582 Pangkcra
1110 1514 1139 1566 et
1158 1511 1254 1566 Suwat
1271 1511 1369 1565 fluvios
1388 1509 1539 1566 traiecisse.

388 1582 448 1634 lam
457 1581 533 1636 Hora
547 1582 613 1635 urbs
628 1581 678 1635 ubi
693 1581 749 1636 sita
763 1581 849 1636 fuerit
864 1584 940 1636 certo
950 1581 996 1636 vix
1010 1581 1067 1636 dici
1080 1585 1186 1652 potest3
1201 1581 1231 1635 in
1244 1582 1404 1636 universum
1418 1582 1471 1637 hcc
1485 1581 1615 1636 fortasse

298 1655 374 1708 recte
396 1653 607 1708 contendemus:
627 1652 762 1707 Arrianus
781 1653 858 1707 Hora
876 1657 974 1708 narrat
988 1654 1024 1708 ab
1039 1653 1177 1708 Abhisare
1190 1653 1290 1708 missos
1305 1669 1373 1722 esse,
1388 1653 1437 1723 qui
1450 1654 1616 1707 Assacanos

299 1724 473 1780 adiuvarent.
511 1724 587 1778 Hora
615 1723 703 1795 igitur
732 1725 799 1779 urbs
822 1723 936 1796 propius
965 1725 1003 1780 ad
1024 1725 1124 1778 Indum
1148 1741 1232 1794 quam
1251 1725 1383 1794 Massaga
1402 1727 1431 1779 et
1449 1723 1549 1778 Bazira
1569 1724 1616 1777 vi-

300 1798 383 1852 detur
402 1795 457 1850 sita
475 1794 569 1849 fuisse.
599 1798 673 1849 certe
688 1795 904 1851 intraSuastum
923 1798 952 1851 et
969 1796 1069 1850 Indum
1088 1795 1242 1852 exstiterat.
1278 1795 1311 1850 cf.
1332 1795 1406 1850 Curt.
1425 1795 1499 1864 VIII,
1520 1801 1614 1864 1032,

302 1869 388 1938 11,1.).
422 1866 541 1921 fortasse
560 1883 632 1935 quae
655 1885 729 1921 nunc
747 1867 845 1922 ruinae
861 1870 973 1922 exstant
987 1869 1017 1922 at
1031 1867 1079 1921 the
1093 1867 1155 1922 foot
1168 1867 1200 1922 of
1210 1799 1325 1921 thelrill
1339 1867 1465 1936 Banigat
1479 1883 1614 1936 quaeque

297 1939 479 1994 nominantur
488 1937 561 2006 Baja
576 1938 674 1992 Vara's
685 1939 789 1994 stables
801 1939 897 2010 (Cunn.
908 1939 957 2008 Ip.
969 1945 1010 1994 61.
1027 1939 1114 1994 chart.
1125 1939 1172 2009 IV)
1184 1941 1248 1992 sunt
1258 1937 1390 1993 eiusdem.
1414 1938 1478 1992 vide
1488 1939 1551 1992 adn.
1566 1944 1611 1992 77.

298 2027 381 2082 porro
392 2009 504 2064 Curtius
514 2007 618 2063 litteris
628 2010 773 2064 mandarit
783 2010 855 2080 VIII,
865 2017 955 2080 1022:
972 2013 1133 2081 superato
1143 2054 1148 2064 .
1158 2053 1179 2065 ..
1195 2010 1321 2080 Choaspa
1330 2041 1369 2064 .=..
1385 2007 1497 2064 Coenon
1511 2009 1541 2062 in
1555 2011 1609 2064 ob-

301 2082 409 2138 sidione
420 2079 498 2134 urbis
508 2080 660 2150 opulentae
668 2113 701 2120 —
709 2081 822 2135 Beiram
831 2081 941 2136 incolae
950 2084 1094 2136 vocant-
1103 2080 1225 2150 reliquit.
1244 2081 1304 2151 ipse
1315 2080 1351 2134 ad
1359 2081 1492 2151 Mazagas
1502 2099 1520 2134 v
1527 2096 1565 2135 en
1572 2081 1611 2136 it.

300 2153 436 2208 Arrianus
451 2169 484 2206 eo
500 2151 595 2206 differt
609 2152 685 2220 quod
695 2151 816 2206 Coenum
826 2152 965 2223 Massagis
980 2151 1150 2222 expugnatis
1165 2152 1201 2206 ab
1211 2151 1371 2206 Alexandro
1381 2151 1482 2206 Bazira
1492 2152 1611 2206 missum

301 2241 362 2280 esse
380 2226 485 2278 namet.
520 2239 640 2278 errorem
654 2223 743 2277 Curtii
757 2223 801 2278 vel
816 2224 939 2278 auctoris
953 2240 1010 2278 non
1024 2240 1175 2292 sumemus,
1195 2240 1258 2277 cum
1271 2222 1329 2277 iam
1343 2241 1429 2293 supra
1442 2241 1498 2278 non
1509 2223 1612 2278 eadem

301 2294 416 2351 nomina
430 2311 490 2349 csse
501 2294 584 2348 Beira
599 2297 627 2348 ct
640 2294 741 2348 Bazira
751 2294 876 2350 dixerim.
907 2295 990 2350 Beira
999 2294 1091 2364 magis
1101 2295 1138 2348 ad
1149 2294 1323 2356 occidentem
1333 2294 1472 2363 simulque
1482 2295 1519 2348 ad
1527 2294 1612 2349 meri·

303 2368 379 2421 diem
392 2383 486 2420 versus
502 2365 558 2419 sita
573 2369 661 2432 erant,
676 2382 761 2434 quam
775 2366 920 2436 Massaga;
939 2366 997 2420 iam
1011 2367 1101 2420 Bazar
1115 2383 1199 2435 ucus,
1214 2367 1251 2420 ad
1264 2383 1376 2421 amnem
1390 2369 1543 2421 torrentem
1557 2365 1611 2435 qui

302 2440 376 2492 inter
386 2437 463 2491 Swat
477 2440 506 2491 et
514 2436 614 2490 Iudam
628 2437 657 2490 in
668 2435 761 2490 Kabul
775 2436 889 2491 fluvium
904 2437 1038 2506 decurrit,
1054 2437 1132 2507 situs,
1147 2437 1222 2491 idem
1233 2441 1285 2505 est,
1299 2440 1426 2508 utsupra
1439 2437 1498 2491 iam
1511 2438 1612 2492 monui

301 2527 364 2564 cum
378 2511 473 2562 vetere
487 2508 556 2562 urbe
570 2507 677 2562 Baziris
692 2508 726 2562 cf.
742 2507 899 2578 Cunningh.
910 2511 930 2576 I,
942 2515 975 2563 66
990 2513 1084 2578 (quem
1097 2509 1132 2562 de
1146 2509 1292 2579 Manglora
1306 2509 1446 2563 veteribus
1459 2507 1610 2579 Massagis,

300 2596 428 2652 perverse
461 2578 601 2648 cogitasse
629 2580 863 2650 commemoravi),
890 2597 947 2634 non
966 2579 1096 2635 omittam
1123 2580 1199 2649 quod
1230 2579 1370 2635 Schuffert
1395 2599 1422 2650 p.
1451 2587 1484 2633 14
1510 2580 1612 2634 urbem

300 2653 433 2721 Massaga
463 2649 518 2704 sibi
547 2649 629 2704 finxit
655 2650 692 2704 ad
715 2650 914 2705 Swat-Landai
941 2651 1045 2706 flumen
1073 2651 1157 2706 sitam
1180 2651 1254 2706 circa
1277 2651 1385 2706 Abazai
1407 2651 1505 2706 urbem
1522 2650 1609 2706 hodie

300 2722 446 2777 munitam.
494 2721 543 2775 sed
571 2722 606 2776 de
635 2721 832 2776 Swat-Landai
857 2723 971 2776 flumine
995 2722 1083 2777 Curtii
1107 2739 1188 2778 amne
1211 2723 1330 2778 torrenti
1355 2723 1468 2778 omnino
1488 2721 1609 2793 cogitari

301 2793 407 2863 nequit.
445 2810 541 2848 verum
560 2793 595 2846 de
614 2792 772 2864 elephantis
790 2797 866 2848 recte
884 2795 994 2848 monuit
1013 2793 1160 2849 Schuffert.

394 2867 438 2935 68)
458 2864 569 2918 Curtius
583 2863 655 2933 VIII,
671 2869 748 2932 10,23
769 2882 808 2934 sq.
828 2865 926 2920 urbem
944 2865 1024 2920 illam
1041 2865 1178 2935 praealtis
1198 2865 1322 2936 aviisque
1340 2865 1369 2919 in
1388 2866 1505 2936 rupibus
1524 2863 1610 2920 sitam

302 2936 438 2992 orientem
451 2953 546 2990 versus
557 2952 639 2990 amne
648 2936 775 3006 torrenti,
790 2936 826 2990 ab
838 2936 983 2992 occidente
992 2939 1022 2991 et
1031 2936 1176 2992 ameridie
1185 2937 1374 3008 voraginibus,
1390 2955 1407 2991 a
1418 2936 1608 3006 septentrione

301 3009 378 3062 fossa
392 3006 515 3078 Ingentis
530 3007 620 3077 operis
636 3006 765 3076 cinctam,
779 3026 889 3062 murum
900 3026 965 3064 saxo
975 3007 1136 3064 inferiorem
1147 3008 1231 3062 crudo
1242 3008 1330 3063 latere
1341 3008 1512 3078 superiorem
1522 3011 1609 3062 struc-

302 3083 362 3134 tam
380 3078 483 3132 XXXV
497 3077 555 3132 Iere
575 3077 668 3132 stadia
686 3078 803 3150 longum
821 3079 907 3133 fuisse
926 3079 1052 3134 tradidit.
1085 3079 1220 3134 Arrianus
1239 3080 1273 3134 de
1287 3079 1364 3134 urbis
1379 3079 1436 3134 situ
1449 3079 1522 3134 nihil
1538 3079 1610 3133 dixit

302 3166 393 3220 neque
412 3149 443 3202 in
460 3152 523 3204 tota
541 3149 759 3220 oppugnationis
775 3150 962 3220 descriptione
975 3167 1031 3206 uno
1046 3152 1130 3206 verbo
1144 3151 1278 3221 prodidit,
1293 3151 1323 3205 in
1336 3150 1399 3206 loco
1414 3167 1477 3206 eam
1490 3153 1607 3205 naturae

302 3220 1606 3362 teratusultmlbubtutttuu,tamttlulttrttelttbtu

303 3381 375 3434 quae
386 3364 421 3418 de
430 3363 538 3417 Baziris
553 3363 673 3418 dicenda
687 3366 789 3433 essent,
804 3365 839 3418 de
849 3364 988 3436 Massagis
998 3364 1125 3434 tradidit,
1141 3368 1192 3419 aut
1201 3365 1258 3432 ille,
1273 3366 1348 3420 unde
1358 3365 1514 3435 descripsit,
1524 3337 1607 3420 'finxit

303 3436 409 3504 urbem,
424 3451 497 3502 quae
511 3435 547 3488 ab
559 3434 615 3488 alio
624 3434 737 3490 homine
747 3435 903 3506 expugnari
912 3453 969 3490 non
978 3436 1049 3490 bene
1058 3435 1191 3506 potuerit,
1202 3435 1361 3490 Alexandro
1372 3436 1502 3491 resistere
1511 3436 1605 3505 nequi-

303 3506 382 3561 verit.
412 3523 445 3560 ac
458 3505 529 3560 mihi
543 3505 657 3574 quidem
671 3505 827 3560 similitudo
843 3507 939 3576 aliqua
948 3506 1059 3561 videtur
1067 3507 1239 3562 intercedere
1249 3507 1323 3562 inter
1332 3508 1405 3562 hanc
1414 3509 1604 3578 Massagorum

304 3577 522 3646 descriptionem
537 3580 565 3630 et
577 3580 675 3647 petrae
684 3577 761 3632 illius
771 3578 865 3632 Aorni.
895 3596 958 3632 cum
968 3577 1043 3632 enim
1051 3595 1087 3633 ne
1097 3578 1148 3631 illa
1157 3578 1272 3647 quidem
1281 3596 1401 3648 usquam
1411 3579 1520 3633 adltum
1529 3595 1604 3649 prae-

303 3650 391 3716 beret,
411 3648 570 3704 Alexander
584 3665 715 3720 aggerem
730 3648 818 3718 duxit,
838 3666 921 3719 quem
935 3649 1075 3718 Massagis
1089 3666 1200 3718 quoque
1215 3650 1332 3704 adhibet
1346 3650 1370 3704 si
1385 3650 1467 3704 audis
1482 3649 1604 3705 Curtium

303 3720 376 3788 VIII,
392 3726 469 3788 10,30
484 3739 533 3790 sq,
553 3719 631 3774 cuius
648 3720 759 3790 aggeris
774 3721 850 3790 apud
863 3721 1013 3775 Arrianum
1026 3720 1135 3774 nullum
1150 3723 1242 3775 exstat
1256 3721 1413 3792 vestigium.
1446 3723 1532 3776 immo
1547 3724 1604 3776 tota

305 3791 364 3844 eius
380 3791 530 3861 descriptio
549 3791 768 3862 obpugnationis
787 3791 829 3846 Ita
846 3794 1008 3862 comparata
1023 3795 1066 3846 est
1079 3795 1111 3846 ut
1124 3792 1223 3846 urbem
1236 3791 1291 3846 nisi
1305 3792 1335 3846 in
1348 3793 1443 3864 plano,
1463 3797 1537 3848 certe
1552 3809 1603 3846 non

304 3863 334 3916 in
348 3861 465 3932 rupibus
479 3861 613 3932 praealtis
628 3863 753 3932 aviisque
768 3863 852 3917 sitam
866 3864 971 3919 credas.
1006 3862 1089 3917 aliter
1103 3879 1170 3917 sane
1183 3863 1320 3918 iudicavit
1333 3865 1490 3936 Hertzberg
1502 3865 1537 3932 II,
1547 3870 1602 3918 222.

395 3946 439 4012 69)
466 3942 500 3998 cf.
524 3943 584 3998 Arr.
607 3951 633 4012 4,
649 3949 691 4011 26,
707 3951 730 3999 1.
764 3943 875 3997 Curtius
901 3943 977 4012 quod
1003 3944 1115 3998 narrat:
1145 3942 1265 4012 triginta
1292 3947 1355 4000 octo
1374 3944 1466 3998 millia
1483 3944 1604 4014 peditum

305 4016 399 4077 tutata
418 4031 478 4069 esee
494 4015 592 4070 urbem
607 4017 689 4070 errat.
708 4031 775 4068 narn
789 4013 923 4069 Arrianus
942 4021 967 4083 4,
983 4020 1025 4084 25,
1041 4019 1056 4068 5
1075 4015 1231 4068 Assacanos
1245 4014 1364 4086 triginta
1378 4015 1469 4071 millia
1482 4015 1603 4086 peditum

306 4087 343 4140 ad
361 4103 486 4157 pugnam
504 4085 670 4140 instruxisse
688 4085 785 4154 tradit,
806 4088 890 4154 atque
908 4085 959 4139 hos
979 4084 1224 4156 appropinquante
1247 4085 1305 4140 iam
1322 4087 1482 4142 Alexandro
1505 4086 1535 4140 in
1553 4086 1603 4140 sin-

306 4158 389 4228 gulas
408 4174 437 4212 se
455 4158 539 4212 urbes
558 4157 704 4228 recepisse.
742 4173 829 4225 quare
847 4175 904 4212 non
921 4159 991 4226 puto
1010 4173 1054 4210 me
1074 4173 1166 4211 errare
1185 4174 1248 4212 cum
1263 4157 1352 4213 Curtii
1369 4158 1451 4212 illum
1464 4175 1603 4213 numerum

306 4230 343 4284 ad
362 4246 456 4284 omnes
475 4230 640 4298 Assacen0s‚
661 4245 717 4283 non
737 4229 774 4281 ad
793 4227 964 4297 singularem
983 4227 1080 4282 urbem
1098 4228 1196 4284 refero.
1235 4232 1358 4284 ceterum
1376 4229 1535 4284 Alexander
1552 4229 1602 4282 iam

305 4300 469 4371 priusquam
493 4301 626 4370 Massaga
654 4299 854 4370 aggrederetur
880 4299 993 4354 videtur
1020 4299 1165 4355 Craterum
1193 4301 1343 4356 adscivisse
1369 4301 1463 4370 (aliter
1485 4301 1602 4355 iudicare

306 4372 417 4427 videtur
438 4371 538 4426 Leuius
560 4390 587 4440 p.
608 4374 660 4441 24),
683 4369 740 4424 nisi
767 4371 855 4425 mavis
877 4373 991 4441 putare,
1020 4389 1083 4426 cum
1108 4371 1177 4426 satis
1200 4389 1287 4443 parva
1310 4389 1394 4428 manu
1416 4388 1512 4442 regem
1534 4371 1601 4425 ludis

306 4443 444 4514 proelium
472 4441 655 4512 commisisse,
681 4441 739 4497 iam
765 4443 801 4496 ab
829 4441 864 4496 iis
892 4459 922 4497 re
945 4458 1010 4497 vera
1028 4443 1170 4514 repulsum
1189 4447 1364 4515 exspectasse
1383 4444 1531 4498 nonnullos
1549 4442 1601 4498 dies

308 4514 415 4570 Crateri
443 4514 606 4568 adventum:
635 4515 696 4568 tum
722 4514 825 4568 iterum
853 4514 1065 4585 aggredientem
1092 4515 1212 4571 cinxisse
1239 4517 1344 4570 urbem.
1386 4532 1453 4570 nam
1475 4515 1600 4570 Arrianus

306 4585 501 4640 Ptolemaeum
527 4587 560 4638 ut
586 4584 699 4640 videtur
726 4588 838 4640 secutus
867 4589 1001 4655 quattuor
1028 4587 1088 4642 dies
1112 4588 1255 4644 obsessam
1278 4603 1338 4644 esse
1362 4586 1482 4642 tradidit
1504 4587 1600 4653 urbem,

308 4657 418 4712 Curtius
436 4673 501 4713 vero
519 4673 618 4713 novem
636 4656 718 4729 (VIII,
738 4661 834 4729 10,31).
