3506 5306
683 334 905 399 ,67-

135 533 218 578 cunr
253 533 309 576 sua
338 509 466 598 legione
494 512 528 576 in
550 513 622 597 ripa
645 513 793 578 citeriore
815 513 1017 597 relinquitur.
1060 512 1164 578 Porus
1188 513 1222 577 in
1243 535 1380 600 regnum
1403 536 1450 577 re-

131 610 292 693 mittitur,
315 611 370 695 qui
394 632 432 674 ex
456 611 522 675 suis
546 612 664 676 electos
688 610 951 678 bellicosissimos
975 615 1008 676 et
1030 611 1229 696 elephantos,
1253 613 1280 676 si
1305 611 1361 696 qui
1385 612 1450 676 iam

131 712 247 774 essent
277 708 455 774 adduceret.
502 710 570 794 ipse
598 707 782 774 Alexander
813 711 951 774 alterurn
980 708 1116 794 Porum,
1148 731 1244 796 quem
1277 732 1317 774 ex
1349 732 1449 796 regno

131 807 303 893 aufugisse
335 828 432 892 supra
464 807 529 872 iam
562 808 820 887 commemoravi,
853 830 926 873 cum
959 807 1060 893 copiis
1093 807 1251 892 expeditis
1279 808 1314 871 in
1341 809 1449 872 animo

130 903 254 968 habuit
276 902 494 992 persequi²⁰⁹),
518 905 573 970 sed
596 928 654 990 per
676 905 753 971 Pori
776 907 869 992 regni
896 907 977 970 fines
1001 905 1269 990 septentrionales
1293 906 1370 971 satis
1394 907 1450 971 ha·

132 1001 211 1066 buit
230 1003 401 1086 proficisci.
437 1023 474 1068 ac
492 1024 551 1088 per
569 1003 666 1068 silvas
685 1003 788 1068 movit
807 1006 841 1068 in
859 1005 1000 1088 spatium
1019 1004 1133 1090 ingens
1152 1004 1296 1069 diffusas:
1319 1004 1450 1069 arbores

131 1101 172 1164 in
196 1100 349 1165 eximiam
372 1090 577 1166 altitudinem
597 1101 698 1167 editas
717 1103 862 1187 miratus,
885 1124 1020 1186 quarum
1040 1102 1121 1167 rami
1140 1101 1181 1168 ad
1198 1105 1316 1168 terram
1335 1103 1451 1167 deflexi

133 1220 253 1264 rursus
276 1221 341 1282 qna
364 1221 398 1264 se
420 1204 640 1284 curvaverant,
663 1201 757 1285 qnasi
779 1222 881 1266 novae
904 1200 1034 1266 arbores
1057 1197 1327 1288 erigebantur.²¹⁰)
1373 1199 1450 1266 solis

128 1296 203 1361 rim
226 1297 360 1362 umbrae
383 1298 578 1384 mitigabant
602 1298 762 1383 arborum,
785 1321 887 1383 aquae
911 1299 1008 1364 etiam
1031 1297 1140 1385 largae
1159 1321 1199 1363 ex
1217 1299 1363 1364 fontibus
1385 1321 1451 1364 ma-

128 1399 250 1460 nantes
282 1395 484 1481 frigidiorem
516 1396 693 1462 reddebant
725 1394 863 1484 aeram)
908 1401 1017 1462 tamen
1048 1419 1115 1462 non
1145 1396 1215 1462 sine
1238 1397 1355 1462 damno
1378 1419 1451 1482 pro·

131 1515 268 1580 gressus
287 1497 344 1559 est.
381 1517 500 1582 magna
518 1495 604 1560 enim
623 1495 756 1581 angium
780 1495 874 1579 copia
892 1495 1054 1560 variorum
1077 1494 1199 1578 ubique
1221 1495 1451 1579 reperiebatur.

129 1613 232 1656 nemo
256 1613 393 1678 usquam
416 1596 508 1658 tutus
531 1598 608 1658 erat.
655 1594 858 1677 maximeque
881 1595 920 1678 ei,
943 1615 1082 1678 quornm
1106 1594 1233 1678 squami
1256 1595 1326 1658 auri
1344 1594 1452 1660 redde

129 1690 216 1754 bant
244 1689 420 1777 fulgorem,
452 1692 544 1757 noxii
575 1695 667 1757 erant
695 1713 768 1757 cum
796 1714 940 1757 morsum
967 1713 1117 1776 praesens
1145 1713 1233 1756 mors
1257 1695 1451 1776 sequeretur.

133 1789 242 1853 lectos
265 1787 456 1854 Macedones
480 1790 520 1854 ab
545 1790 713 1856 arboribus
737 1790 912 1874 pendentes
941 1789 1112 1874 faciebant,
1134 1812 1175 1853 ne
1199 1792 1363 1874 serpentes
1386 1789 1452 1854 edi-

133 1890 221 1972 rent,
251 1887 308 1952 sed
334 1910 375 1953 ne
399 1888 446 1955 sic
474 1889 604 1973 quidem
626 1911 759 1974 prorsus
787 1889 827 1953 ah
855 1889 921 1953 illis
949 1887 1077 1952 liberati
1101 1887 1269 1971 securique
1292 1892 1402 1972 erant,
1415 1892 1453 1954 ut

132 1985 314 2050 maximam
345 1991 470 2071 partem
502 1987 608 2052 noctis
631 1988 746 2074 vigiles
780 1983 948 2074 essentffi)
995 2007 1072 2050 mox
1104 1985 1145 2051 ab
1177 1986 1293 2051 incolis
1324 2007 1451 2050 morsus

131 2083 316 2148 remedium
340 2084 486 2150 oblatum
509 2083 617 2173 actm)
646 2089 742 2170 atque
765 2084 948 2150 Alexander
975 2084 1108 2169 collegit
1131 2084 1218 2168 apud
1241 2106 1274 2150 se
1296 2083 1451 2150 Indorum

135 2185 304 2266 quotquot
336 2182 513 2248 medicinae
544 2183 735 2268 peritissimi
766 2188 865 2250 erant.
912 2188 945 2248 et
976 2205 1034 2267 per
1065 2203 1256 2267 praeconem
1280 2183 1315 2246 in
1338 2183 1451 2248 castris

130 2279 278 2345 edictum
310 2281 374 2345 fnit
405 2285 451 2365 ut,
483 2283 585 2366 siquis
618 2282 658 2346 ab
691 2305 796 2369 angue
828 2303 955 2347 morsus
983 2285 1076 2366 esset,
1099 2281 1185 2367 regis
1208 2281 1451 2346 tabernaculum

131 2376 389 2466 conveniretffl)
435 2379 500 2444 iam
524 2403 625 2466 prope
648 2380 761 2445 urbem
784 2380 948 2446 Zafanwal
971 2379 1066 2465 Degh
1089 2379 1189 2443 fluvio
1212 2380 1336 2444 minore
1360 2401 1451 2464 supe-

129 2480 207 2541 rato
241 2477 371 2541 tandem
403 2479 513 2562 paullo
546 2478 631 2543 infra
657 2478 824 2544 Nainalrot
854 2479 966 2543 urbem
995 2476 1170 2561 Hyarotim
1202 2477 1338 2542 fluvium
1370 2500 1452 2542 asse·

133 2578 233 2639 cutus
257 2578 315 2659 est,
339 2597 453 2641 cursus
476 2577 648 2661 rapiditate
670 2599 741 2642 non·
759 2577 931 2642 latitudine
954 2576 1089 2641 Acesine
1112 2575 1278 2640 minorem.
1324 2597 1381 2659 per
1404 2581 1451 2642 to·

131 2677 204 2738 tarn
229 2676 337 2738 autem
360 2675 525 2760 regionem
547 2679 753 2762 peragratam
780 2676 861 2742 locis
888 2675 1028 2740 maxime
1051 2674 1175 2739 idoneis
1198 2673 1358 2758 praesidia
1380 2675 1452 2739 reli-

132 2771 217 2856 quit,
241 2774 279 2836 ut
302 2769 450 2838 Craterus
475 2770 665 2858 Coennsque
683 2775 747 2838 tuti
766 2774 806 2838 ad
830 2795 864 2839 se
887 2775 1034 2840 venirent
1056 2772 1199 2859 regionis
1218 2772 1308 2836 illins
1326 2777 1451 2857 partem

132 2870 312 2934 maximam
327 2873 503 2956 vastantem
517 2892 654 2956 cumque
668 2871 943 2956 Hephaestionem
957 2871 1104 2956 peditum
1120 2870 1298 2958 adiungens
1307 2871 1451 2957 legiones

135 2968 219 3032 duas
243 2969 454 3053 equitumque
477 2971 641 3054 propriam
664 2974 697 3035 at
719 2970 878 3036 Demetrii
905 2969 1130 3055 hipparchiam
1153 2973 1186 3033 et
1209 2969 1452 3054 sagittariorum

132 3070 264 3150 partem
292 3065 467 3151 dimidiam,
495 3067 530 3132 in
556 3067 634 3133 Pori
660 3069 825 3156 regionem
854 3071 1032 3133 remitteret
1060 3067 1244 3133 interiorem
1273 3068 1452 3132 subactam-

134 3186 199 3247 que
227 3162 312 3228 Poro
345 3165 446 3230 veteri
478 3165 563 3230 tradi
596 3167 721 3232 iuberet
753 3170 786 3232 et
819 3168 847 3230 si
879 3189 961 3252 quae
991 3167 1073 3232 aliae
1105 3166 1146 3230 ad
1173 3165 1328 3250 Hyarotis
1360 3166 1452 3231 fluvii

132 3263 243 3346 ripam
270 3261 455 3328 inferiorem
482 3263 629 3329 nationes
657 3263 811 3330 Indorum
839 3265 959 3330 liberae
987 3264 1204 3347 considerent,
1230 3263 1307 3329 Pori
1334 3265 1451 3330 veteris

134 3360 353 3424 dominationi
377 3359 645 3449 subiungere²¹⁵),
668 3363 737 3448 ipse
759 3362 903 3427 faciliore
927 3364 992 3427 iam
1016 3384 1113 3447 opera
1136 3385 1233 3447 quarn
1257 3366 1351 3427 antea
1372 3361 1451 3427 Ace-

134 3459 241 3523 sinem
269 3457 442 3544 Hyarotim
473 3463 545 3526 tum
576 3459 712 3526 fluvium
741 3462 826 3526 inter
852 3459 1058 3526 Naina-Kot
1087 3466 1119 3526 et
1143 3459 1330 3545 Gurdaspur
1356 3461 1451 3525 urbes

113 3816 117 3822 .
227 3752 291 3820 209)
314 3749 345 3803 id
368 3749 435 3805 inde
453 3750 522 3806 licet
540 3767 716 3822 cognoscere,
735 3752 811 3821 qnod
830 3750 976 3806 Craterum
994 3754 1023 3806 et
1042 3750 1165 3806 Coenum
1182 3768 1239 3805 non
1258 3753 1451 3822 exspectabat,

117 3823 224 3876 'etiam
243 3821 484 3890 Hephaestionem
502 3839 566 3877 cum
584 3825 664 3893 parte
683 3823 821 3878 exercitus
844 3824 875 3876 in
893 3823 959 3878 Pori
978 3823 1094 3878 alterins
1113 3839 1230 3892 regnum
1249 3823 1367 3878 interius
1386 3825 1451 3878 mit-

134 3893 225 3960 tebat,
250 3909 315 3946 curn
342 3893 403 3963 ipse
426 3893 575 3962 Hyarotim
597 3895 738 3950 transiret.
777 3895 811 3948 cf.
826 3895 887 3948 An.
902 3893 936 3962 V,
951 3902 1024 3961 21,4:
1055 3894 1101 3949 ἐπὶ
1124 3903 1225 3949 τοῦτον
1244 3895 1370 3951 ἐλαύνων
1383 3893 1451 3950 Ἀλέ-

135 3966 260 4034 ξανδρος
278 3964 441 4033 ἀφικνεῖται
460 3965 506 4020 ἐπὶ
524 3966 574 4021 τὸν
588 3963 748 4036 Ὑδραώτην
766 3965 900 4036 ποταμόν.

228 4038 291 4106 210)
310 4034 345 4090 cf.
361 4035 436 4090 Ourt.
451 4037 498 4103 IX,
514 4042 556 4104 1‚a
576 4036 657 4092 Diod.
672 4037 758 4105 XVII,
773 4043 842 4105 90,5.

228 4106 532 4178 mmmmm

228 4178 576 4248 wmfflmm

228 4253 292 4320 213)
311 4249 386 4304 Ourt.
401 4250 449 4318 IX,
465 4257 525 4318 1,12
544 4250 626 4306 Diod.
641 4251 659 4305 l.
674 4252 692 4306 l.

229 4324 292 4390 214)
311 4323 375 4376 vide
393 4321 555 4377 Nearchum
573 4323 649 4392 apud
668 4324 777 4378 Arrian.
792 4323 852 4378 Ind.
870 4330 955 4391 roni.

229 4395 292 4462 21⁶)
311 4393 446 4448 Arrianus
461 4393 496 4461 V,
506 4398 567 4461 29,8
587 4395 712 4464 scripsit:
732 4395 940 4468 καταλαμβάνει
959 4395 1035 4486 qinde
1054 4394 1090 4450 ab
1109 4394 1238 4465 Hyphasi
1256 4396 1367 4450 rediens
1386 4395 1450 4450 Ale·

135 4465 245 4520 xander
267 4464 305 4518 ad
323 4465 481 4536 Acesinem)
507 4465 559 4536 την
581 4465 663 4521 πόλιν
687 4466 935 4539 ἐξῳκοδομημένην
977 4485 1058 4522 ντινα
1073 4464 1248 4536 Ἡφαιστίων
1272 4467 1346 4540 αὐτῷ
1365 4467 1450 4521 ἐκτει-

156 4535 214 4592 ίσαι
237 4535 286 4592 irol
303 4539 352 4606 θη.
390 4539 467 4591 tacet
490 4537 524 4591 de
548 4553 582 4591 ea
609 4537 762 4591 munienda
789 4537 927 4592 hocloco
952 4541 961 4607 (
988 4541 1082 4609 ,21,o)
1109 4541 1194 4608 atque
1218 4538 1329 4592 videtur
1351 4538 1450 4592 nuntio

135 4558 252 4664 demum
276 4623 293 4660 a
335 4607 545 4678 Hephaestione
568 4607 655 4663 allato
681 4607 727 4678 (cf.
742 4607 824 4662 Diod.
839 4609 929 4675 XVH,
945 4615 1018 4678 93,1;
1047 4609 1121 4664 Ourt.
1136 4610 1187 4676 IX,
1203 4613 1273 4679 135)
1292 4609 1452 4664 Alexander

137 4680 253 4735 iussisse
280 4678 380 4734 urbem
406 4696 463 4734 non
492 4679 668 4735 condendam
694 4696 796 4734 novam
824 4697 921 4734 curare
947 4679 1198 4750 Hephaestionem,
1227 4682 1303 4750 quod
1331 4681 1452 4750 sumpsit

139 4751 267 4822 Droysen
286 4749 312 4804 H
330 4769 357 4820 p.
375 4757 425 4804 167
445 4751 479 4805 cf.
495 4749 652 4821 Hertaberg
669 4751 695 4804 H
713 4769 741 4821 p.
755 4757 808 4805 2⁷4
827 4783 862 4791 —
881 4751 931 4804 sed
949 4750 1109 4823 ἐκτεηίσαιε
1129 4753 1318 4808 muniendam.
