3506 5306
853 347 1097 414 ,—130-

320 526 585 610 Leonnatumque
609 547 682 591 cum
705 526 756 590 his
780 525 907 590 Pattala
929 526 1032 590 rediit.
1079 529 1176 608 atque
1204 527 1278 590 inde
1307 527 1370 590 iam
1394 529 1518 610 partem
1542 547 1624 589 exer-

320 625 402 688 citus
430 625 541 688 dextro
574 622 646 687 Indi
677 624 809 688 brachio
838 623 878 686 ad
908 627 1022 707 puteos
1051 624 1084 687 in
1111 626 1235 708 reliqua
1264 647 1319 688 ora
1347 625 1508 688 maritima
1534 623 1625 688 Delta

319 723 406 786 illius
429 722 597 787 fodiendas
621 719 787 808 emisis⁴1⁷)
811 723 972 805 imperans
996 725 1032 784 ut
1056 724 1169 786 solutis
1194 723 1353 786 mandatis
1377 721 1504 786 Pettala
1526 743 1625 786 rever-

319 824 469 884 terentur.
516 822 585 905 ipse
609 842 683 885 cum
706 823 798 904 parte
822 820 931 884 classis
956 821 1178 904 exercitusque
1201 822 1318 884 iterum
1342 819 1476 884 Pettalis
1501 820 1625 883 sinistro

319 919 450 984 brachio
474 917 546 982 Indi
569 919 604 982 in
630 920 737 982 lacum
766 918 917 982 devectus
941 921 997 982 est.
1044 919 1090 982 ibi
1117 923 1248 1003 portum
1273 919 1396 982 curavit
1419 918 1626 982 extruendum

321 1021 417 1100 atqua
440 1017 568 1081 navalia
591 1013 849 1103 aedificanda.⁴¹⁸)
895 1015 1089 1100 praesidium
1114 1039 1242 1100 quoque
1266 1017 1396 1100 reliquit
1420 1017 1627 1080 frumentum-

323 1136 385 1198 que
412 1115 447 1178 in
476 1118 628 1198 quattuor
656 1137 781 1179 mensos
809 1115 964 1178 exercitui
990 1115 1097 1178 navali
1128 1115 1289 1200 congessit
1317 1119 1413 1198 atquc
1440 1115 1565 1198 reliqua
1591 1113 1628 1176 ad

322 1213 563 1298 navigationem
591 1217 680 1276 trans
704 1210 867 1276 Oceanum
896 1213 1075 1276 necessaria
1098 1214 1231 1297 paravit.
1276 1213 1331 1276 sed
1355 1213 1466 1276 classis
1488 1211 1628 1276 nondum

322 1315 450 1394 poterat
473 1311 641 1394 proficisci.
689 1312 805 1376 etesiae
829 1311 915 1375 enim
938 1310 1073 1394 flabant,
1102 1332 1182 1394 quos
1210 1311 1275 1374 illis
1304 1312 1338 1374 in
1365 1311 1554 1396 regionibus
1577 1331 1630 1392 per

324 1410 401 1473 anni
423 1413 551 1492 tempus
575 1410 752 1474 maximum
777 1410 816 1473 ab
841 1407 968 1473 Oceano
993 1430 1032 1472 ex
1056 1412 1164 1473 austro
1189 1410 1310 1492 spirare
1333 1409 1537 1491 audiverant,
1560 1429 1629 1472 cum

321 1508 395 1571 inde
414 1531 433 1570 a
446 1505 640 1571 Novembris
660 1509 779 1572 mensis
799 1508 891 1571 initio
912 1507 952 1570 ad
971 1507 1146 1570 solstitium
1165 1507 1336 1571 hibernum
1356 1529 1395 1570 ex
1415 1507 1630 1590 septentrione

321 1606 484 1670 venientes
508 1627 595 1669 mare
617 1606 801 1691 navigabile
823 1605 998 1669 redderent.
1045 1602 1227 1669 Alexander
1251 1609 1359 1670 autem
1383 1605 1495 1688 paucis
1521 1604 1629 1668 diebus

321 1708 396 1787 post
418 1701 493 1767 Idus
513 1701 692 1779 Quinctiles
711 1702 837 1768 Pettala
855 1706 993 1767 venerat.
1025 1706 1096 1766 tum
1115 1703 1181 1767 fere
1200 1703 1308 1767 exibat
1327 1703 1445 1767 mensis
1464 1701 1630 1788 Augustus

323 1806 354 1866 et
391 1803 502 1866 classis
539 1799 733 1866 Novembris
774 1803 903 1866 initium
945 1801 1056 1866 debuit
1097 1805 1289 1885 exspectare.
1345 1801 1502 1885 pracfecit
1541 1799 1631 1866 classi

1565 1894 1630 1984 419)ἱ

320 1898 505 1964 Nearchum
542 1901 681 1964 amicum
718 1900 922 1983 aptissimum
958 1899 1035 1964 huic
1074 1901 1163 1983 operi
1200 1903 1297 1983 atque
1333 1899 1560 1982 fidelissimum

321 2144 411 2195 oram,
440 2128 534 2196 ipsum
561 2128 585 2182 si
613 2145 683 2197 opus
711 2131 785 2182 esset
806 2129 1009 2198 recipientibus
1032 2129 1255 2196 tutantibusque.
1294 2128 1336 2182 ita
1355 2128 1432 2182 credi
1451 2127 1554 2197 nequit
1572 2143 1631 2182 aum

322 2199 483 2268 quindecim
505 2199 586 2253 milia
608 2201 799 2270 geographica
822 2217 882 2254 assa
905 2217 1096 2270 progressum,
1120 2201 1286 2269 praesertim
1305 2217 1368 2252 cum
1387 2200 1475 2253 otiam
1494 2199 1574 2269 putei
1592 2198 1629 2251 f-

322 2271 419 2324 diendi
446 2273 538 2336 erant3
566 2271 686 2325 fortasse
713 2273 821 2338 decem,
850 2273 874 2324 si
896 2273 1003 2326 rectam
1026 2274 1137 2341 spectas
1159 2273 1242 2326 viam.
1289 2288 1353 2324 cum
1376 2273 1472 2325 autem
1498 2269 1630 2324 Kulivvari

322 2343 485 2410 quindecim
502 2342 562 2396 fere
580 2342 660 2396 milia
679 2343 778 2410 distet,
797 2344 921 2397 nondum
940 2360 972 2397 eo
991 2344 1115 2397 venisset
1132 2343 1224 2396 tribus
1243 2342 1300 2396 illis
1320 2343 1433 2409 diebus,
1453 2343 1568 2396 etiamsi
1586 2342 1631 2395 ad-

321 2413 429 2468 fuisset.
467 2430 554 2482 quare
573 2413 657 2468 aliter
673 2432 733 2468 rem
751 2417 821 2484 puto
840 2414 1043 2483 explicandam.
1081 2401 1242 2468 Nearchuin
1255 2413 1432 2468 Ptolemaeus
1452 2417 1565 2468 secutus
1584 2415 1630 2478 est,

323 2486 399 2554 quod
418 2485 467 2539 ille
485 2487 597 2554 praeter
615 2485 684 2539 litus
702 2486 821 2540 navibus
840 2489 936 2540 vectus
955 2486 1079 2555 spatium
1097 2487 1244 2541 interduo
1263 2486 1337 2540 ostia
1355 2487 1488 2539 scemate
1507 2501 1631 2539 emensus

322 2574 383 2611 esse
404 2557 527 2611 videtur:
555 2558 717 2612 curvamina
736 2559 824 2627 igitur
842 2557 934 2611 litoris
954 2559 1065 2611 avectus
1084 2560 1128 2612 est
1146 2574 1235 2627 saque
1252 2557 1431 2626 respicienda
1450 2557 1566 2610 suntin
1584 2573 1631 2609 nu-

321 2645 398 2682 mero
418 2628 585 2698 explicando
599 2628 730 2683 Nearchi.
764 2631 869 2698 aequat
887 2631 982 2682 autam
1001 2630 1036 2682 de
1054 2629 1123 2683 Indo
1143 2629 1275 2683 inferiore
1290 2627 1487 2698 Ounningham
1507 2633 1542 2681 30
1556 2627 1632 2681 milia

320 2701 351 2753 in
374 2703 449 2755 terra
473 2717 536 2753 cum
559 2705 593 2752 41
617 2701 733 2754 milibus
757 2701 788 2754 in
811 2717 885 2769 aqua
904 2703 938 2769 (v.
954 2719 980 2769 p.
997 2703 1067 2770 284).
1106 2701 1135 2754 in
1158 2701 1230 2754 mari
1253 2702 1347 2754 autem
1367 2701 1531 2754 curvamina
1550 2699 1632 2754 etiam

321 2773 429 2826 maiora
456 2774 521 2825 sunt
539 2774 655 2841 propter
673 2772 776 2826 multos
796 2773 882 2826 sinus.
920 2771 1093 2826 Onesicritus
1112 2773 1233 2840 denique
1251 2789 1311 2826 rem
1329 2774 1426 2840 aperte
1445 2771 1534 2825 auxit.
1571 2787 1632 2824 nam

321 2843 371 2897 illc
393 2844 470 2898 idem
494 2843 560 2909 scit,
586 2843 642 2897 tria
665 2843 716 2897 illa
734 2843 824 2897 latera
842 2843 927 2896 Delta
945 2843 1022 2896 illius
1042 2845 1108 2913 (duo
1127 2845 1244 2898 brachia
1261 2843 1326 2896 Indi
1344 2845 1373 2896 st
1392 2860 1441 2897 ora
1459 2844 1557 2912 maris)
1576 2857 1632 2895 esse

322 2931 413 2982 aequa
437 2914 482 2983 (cf.
498 2915 626 2968 Strabon.
641 2915 692 2968 XV
711 2934 737 2984 p.
755 2918 830 2984 101),
859 2915 935 2983 quod
957 2931 1128 2986 magnopere
1151 2915 1284 2969 abhorret
1303 2931 1402 2969 avaro
1427 2915 1451 2968 si
1475 2916 1532 2968 duo
1556 2912 1632 2966 milia

323 2987 479 3039 stadiorum
501 2987 565 3040 basi
583 2986 660 3039 illius
679 2987 816 3058 trianguli
835 2987 957 3054 tribuas,
983 2988 1114 3056 congruit
1132 2989 1236 3054 tamen,
1255 2987 1279 3040 si
1297 2986 1469 3040 Arristobuli
1488 3002 1632 3040 numerum

323 3057 410 3126 spatii
427 3057 498 3112 recti
517 3059 553 3110 ad
573 3058 685 3128 singula
704 3057 841 3112 adhibeas
860 3057 957 3112 latera.

411 3131 474 3198 411)
493 3145 549 3182 non
571 3130 696 3198 respexit
721 3147 786 3184 suos
808 3131 933 3197 tantum,
962 3130 1011 3184 scd
1035 3145 1131 3183 omnes
1155 3129 1204 3197 qui
1227 3131 1327 3198 postea
1345 3130 1517 3184 mercatores
1537 3126 1631 3182 Graeci

322 3199 395 3253 illud
413 3199 481 3253 litus
500 3202 787 3268 praeterveherentur.

411 3274 473 3340 418)
492 3272 534 3324 111
551 3273 664 3326 Arriani
682 3273 767 3327 verba
785 3271 832 3340 VI,
847 3277 921 3340 20‚5
948 3272 983 3326 τὰ
1007 3271 1079 3326 αὐτὰ
1101 3281 1190 3326 ταῦτα
1214 3273 1324 3342 (eadem
1346 3272 1407 3342 illa)
1432 3270 1632 3342 ἐργασομένους

322 3342 398 3469 ss
412 3340 919 3470 11111111111111
937 3339 1561 3485 siresaf‘sssrrslssssa.

1091 3456 1098 3481 1

321 3486 391 3540 11111
410 3488 497 3540 erant.

411 3561 474 3628 419)
493 3575 548 3628 qno
574 3557 636 3612 loco
660 3557 809 3613 aedificata
832 3558 889 3632 sint
911 3557 1014 3612 nescio.
1051 3557 1183 3612 videntur
1205 3574 1294 3627 prope
1316 3558 1415 3612 urbem
1438 3557 1565 3626 aliquam
1590 3572 1631 3610 ex-

323 3631 430 3683 structa
454 3646 521 3684 esse.
572 3629 643 3684 Plin.
658 3632 716 3684 nat.
730 3631 757 3683 h.
773 3629 819 3698 Vl,
835 3635 868 3683 96
891 3629 978 3683 refert
995 3628 1187 3698 Xylinepolim
1209 3629 1309 3684 urbem
1332 3629 1367 3683 ab
1386 3629 1547 3684 Alexandro
1572 3645 1631 3681 oon-

323 3702 414 3754 ditam
437 3718 510 3769 esse,
538 3703 613 3755 unde
631 3701 776 3756 Nearchus
800 3703 829 3756 st
847 3700 1021 3755 Onesicritus
1039 3701 1230 3770 navigationis
1253 3701 1399 3754 exordium
1418 3701 1557 3770 ceperint3
1586 3698 1631 3752 scd

323 3790 380 3826 non
398 3773 503 3827 dixisse
521 3773 586 3826 illos
605 3773 654 3826 ubi
673 3774 729 3827 sita
748 3775 829 3828 esset.
863 3772 1007 3826 conditam
1025 3773 1123 3826 urbem
1142 3789 1273 3826 essenon
1288 3772 1522 3838 dixitArrianus3
1541 3769 1632 3841 potuit

323 3844 401 3897 urbis
433 3844 491 3897 iam
523 3844 659 3898 exstantis
691 3845 796 3898 mutari
827 3861 937 3898 nomen.
975 3861 1042 3897 num
1075 3861 1148 3912 quac
1175 3843 1260 3898 hodie
1288 3843 1400 3912 Lakpat
1426 3845 1543 3897 vocatur
1569 3842 1632 3895 urbs

323 3914 500 3984 Xylinepolis
525 3917 605 3970 vetus
633 3916 728 3984 fuerit,
757 3917 832 3986 quod
860 3916 981 3984 sumpsit
999 3915 1196 3985 Ounningham
1215 3915 1313 3984 (chart.
1328 3915 1390 3984 IX),
1418 3916 1557 3969 incertum
1585 3915 1631 3968 est.

323 3986 447 4040 Iustinus
467 3985 525 4054 XII,
541 3993 574 4040 10
602 3988 672 4042 haec
699 3989 800 4041 tradit:
836 3988 973 4042 ‘secundo
1002 3990 1082 4040 aestu
1110 3987 1182 4041 ostio
1210 3985 1334 4040 fluminis
1358 3988 1394 4056 (h.
1411 4004 1433 4041 e.
1449 3987 1570 4054 adversi)
1593 3986 1631 4036 in·

323 4058 442 4112 vehitur.
476 4057 517 4110 ibi
535 4059 565 4111 in
583 4061 764 4113 monumenta
782 4075 875 4112 rerum
894 4075 911 4112 a
930 4075 959 4112 se
978 4061 1120 4128 gestarum
1139 4059 1238 4113 urbem
1252 4059 1360 4112 Barcen
1375 4058 1503 4112 condidit
1516 4070 1632 4123 arasque

324 4130 432 4184 statuit.
466 4129 565 4183 relicto
584 4147 618 4184 cx
634 4147 749 4184 numero
764 4131 918 4184 amicorum
932 4129 1092 4183 litoralibus
1107 4130 1184 4183 Indis
1198 4129 1341 4199 praefecto
1356 4131 1423 4184 inde
1436 4130 1492 4183 iter
1504 4130 1631 4183 terrestre

323 4202 449 4254 facturus
460 4201 524 4255 etc.’
550 4198 657 4256 Barcen
671 4201 751 4254 illam
761 4201 957 4270 Ounningham
972 4218 1036 4254 cum
1045 4201 1207 4256 Ptolemaeo
1222 4219 1317 4272 geogr.
1328 4201 1460 4255 Barbaris
1475 4203 1504 4254 et
1513 4197 1631 4253 auctoris

323 4273 426 4342 Peripl.
441 4289 510 4326 mar.
526 4272 570 4326 Er.
585 4271 755 4327 Barbaricas
774 4273 900 4342 emporio
919 4275 949 4326 et
966 4274 1136 4326 nostratium
1154 4274 1224 4327 urbe
1237 4273 1399 4326 Bambhvira
1413 4273 1450 4326 ad
1465 4270 1559 4326 Ghara
1572 4270 1630 4322 bra

324 4345 419 4398 chium
432 4344 496 4398 Indi
514 4344 636 4398 maxime
655 4345 832 4399 occidentale
851 4344 969 4398 eandem
987 4344 1106 4412 putavit.
1140 4345 1216 4413 quod
1235 4345 1259 4397 si
1273 4345 1316 4398 ita
1330 4346 1404 4398 esset
1417 4345 1505 4398 Barce
1519 4369 1553 4390 =
1568 4341 1630 4394 Bar·

323 4415 424 4470 barilia
441 4433 498 4470 non
517 4417 553 4470 ab
568 4415 728 4470 Alexandro
746 4417 809 4486 ipso
823 4415 925 4470 fuisset
939 4416 1054 4469 condita
1069 4416 1118 4470 sed
1132 4417 1231 4484 postea
1245 4416 1364 4470 demum.
1398 4432 1465 4469 nam
1478 4411 1630 4468 Alexander

323 4505 380 4542 non
403 4488 441 4542 ad
463 4487 527 4541 Indi
545 4487 693 4541 brachium
711 4489 840 4543 dextrum
859 4487 957 4540 urbem
976 4487 1084 4556 posuit,
1109 4505 1172 4540 cum
1190 4487 1254 4540 Indi
1273 4488 1377 4542 ostium
1396 4487 1540 4540 sinistrum
1558 4483 1629 4538 navi·

323 4559 458 4629 gentibus
485 4558 574 4614 multo
603 4559 715 4613 facilius
744 4561 878 4628 superatu
906 4557 1100 4613 intellexisset.
1137 4559 1243 4613 idcirco
1267 4560 1304 4612 ad
1327 4559 1421 4612 lacum
1444 4559 1499 4612 Rin
1522 4557 1629 4626 portum

323 4631 404 4714 illum
423 4631 460 4714 ad
478 4632 577 4686 urbem
595 4631 787 4700 Xylinepolim
806 4630 967 4714 aedilicavit
980 4632 1014 4713 Ι11
1031 4629 1157 4713 navalia3
1185 4631 1227 4685 ibi
1245 4629 1346 4714 Iustini
1364 4630 1453 4684 Barce
1471 4632 1515 4700 (=
1529 4627 1628 4681 Barba

323 4703 787 4848 trististristis·
802 4701 1628 4844 ..salustrasslsslnsss.sarissas
