3506 5306
855 327 1096 392 -1110-4

326 507 557 592 Alexandrum,
586 509 639 571 vix
671 509 733 572 hoc
766 507 894 591 quidem
924 511 1148 572 concesserunt
1176 511 1212 571 ut
1239 511 1404 591 putarent,
1431 527 1535 588 neque
1562 508 1625 568 tum

326 630 398 672 eum
422 629 516 692 posse
539 607 645 671 rivere
670 607 849 690 sperabant.
884 607 961 689 quin
984 606 1109 670 litterae
1134 606 1173 669 ab
1192 604 1375 670 Alexandro
1400 605 1471 688 ipso
1496 603 1626 686 scriptae

326 727 398 769 cum
436 706 623 769 afferrentur
655 726 731 768 mox
764 705 797 768 in
830 707 933 768 castra
965 725 999 768 se
1031 707 1216 786 venturum,
1253 702 1439 768 incredibile
1471 702 1627 786 plerisque

324 804 491 868 videbatur
509 804 549 867 ab
568 802 750 867 Alexandro
771 803 941 886 epistulam
961 824 1029 867 esse
1048 803 1214 886 scriptam:
1244 825 1262 865 a
1282 801 1424 886 corporis
1444 799 1628 864 custodibus

324 902 588 986 praetoribusque
612 901 782 966 confictam
807 923 877 965 1111
902 901 1153 984 suspicabantur.
1188 922 1251 983 quo
1271 921 1376 964 rerum
1397 902 1482 963 statu
1502 899 1628 984 cognito

324 999 506 1065 Alexander
533 1023 573 1064 ne
602 999 679 1084 quid
707 1000 783 1064 novi
810 999 845 1062 in
872 999 1014 1064 exercitu
1037 1000 1141 1082 fieret,
1172 1020 1268 1082 quarn
1292 999 1433 1082 primum
1457 993 1631 1082 potuum),

324 1099 364 1162 ad
387 1097 541 1182 Hyarotis
566 1098 668 1161 amnis
691 1098 777 1180 ripas
796 1100 833 1160 ut
852 1097 1012 1161 deferatur
1031 1098 1167 1181 imperat
1186 1101 1219 1160 et
1237 1097 1376 1161 secundo
1396 1096 1495 1160 fluvio
1515 1095 1631 1158 iunctis

324 1197 448 1260 duobus
472 1192 668 1282 navigiis³t³)
693 1199 845 1278 quattuor
873 1192 1108 1281 1111113411ιά
1136 1199 1240 1260 castra
1263 1198 1373 1259 vectus
1397 1197 1459 1277 111,
1488 1216 1568 1277 quae
1592 1193 1631 1257 ad
1744 1211 1746 1224 ⁴

324 1293 495 1378 Hyarotim
519 1295 628 1377 paullo
653 1315 749 1377 supra
767 1293 874 1376 ipsum
894 1297 926 1357 11
945 1291 1115 1358 Acesinem
1136 1293 1333 1358 confluentes
1352 1293 1459 1376 posita
1478 1287 1632 1377 11111345)

325 1390 523 1475 Hephaestio
547 1392 592 1455 ibi
615 1392 778 1474 exercitui,
801 1390 968 1456 Nearchus
993 1392 1087 1455 classi
1110 1395 1263 1475 praeerat.
1305 1392 1415 1455 aderat
1438 1391 1535 1454 etiam
1560 1387 1634 1453 Cra-

324 1494 411 1554 terus
434 1491 606 1574 paulisper,
630 1490 685 1554 sed
709 1491 777 1554 sine
801 1491 951 1573 exercitu,
975 1495 1006 1554 11
1025 1490 1236 1554 Ptolemaeus.
1274 1499 1411 1573 cunique
1434 1489 1519 1574 regis
1543 1489 1635 1552 navis

326 1592 439 1671 quarto
464 1589 514 1652 die
537 1589 601 1652 iam
629 1589 903 1672 appropinquaret
931 1589 1056 1671 castris,
1083 1588 1326 1653 tabernaculum
1351 1610 1367 1651 e
1390 1588 1492 1670 puppi
1516 1587 1635 1651 auferri

325 1687 426 1769 iussit,
445 1689 481 1750 ut
498 1687 567 1770 ipse
582 1687 731 1750 omnibus
746 1690 920 1770 appareret.
958 1690 992 1750 at
1006 1708 1046 1751 11
1060 1690 1129 1750 turn
1146 1687 1274 1769 quidem
1289 1684 1508 1750 Alexandrum
1524 1685 1635 1749 111111

328 1784 441 1849 advehi
465 1785 676 1868 crediderunt,
700 1785 754 1848 sed
779 1806 894 1869 corpus
918 1784 1093 1849 Alexandri
1117 1785 1333 1849 exanimatum
1359 1784 1465 1848 afferri
1488 1784 1635 1847 arbitrati

414 2043 475 2108 342)
495 2043 603 2108 septem
629 2041 728 2094 diebus
747 2040 847 2094 vulnus
867 2043 995 2094 curatum
1014 2040 1125 2095 Curtius
1143 2041 1190 2108 IX,
1206 2047 1259 2108 6,1
1280 2040 1376 2094 tradit.
1414 2039 1463 2093 sed
1481 2039 1565 2092 valde
1585 2039 1635 2092 du-

324 2112 411 2178 bium,
430 2129 497 2164 num
516 2112 616 2165 vulnus
635 2115 694 2166 tam
713 2115 876 2182 gravatam
895 2128 1000 2180 paucos
1019 2115 1084 2182 post
1102 2113 1162 2167 dies
1177 2114 1219 2166 ita
1234 2113 1364 2166 1111111111
1378 2111 1416 2165 111
1429 2113 1462 2164 11
1476 2110 1637 2165 Alexander
1746 2125 1748 2188 3

325 2181 446 2236 secundo
465 2183 610 2251 Hydraote
634 2201 715 2238 amne
739 2183 802 2237 vehi
825 2184 957 2252 potuerit.
996 2185 1071 2253 apud
1089 2183 1307 2253 Hephaestionis
1326 2182 1505 2251 Nearchiqua
1529 2182 1636 2236 milites

325 2254 485 2308 sollicitudo
509 2255 544 2308 de
566 2255 641 2325 regis
660 2256 719 2308 1111
738 2257 799 2309 1111
817 2271 971 2325 permagna
990 2258 1019 2309 11
1036 2255 1212 2324 perturbatio
1232 2255 1401 2320 animorum,
1425 2256 1458 2306 ut
1476 2253 1637 2307 Alexander

325 2325 408 2379 classi
432 2326 623 2395 exercituique
647 2327 793 2391 scriberet,
818 2343 847 2379 se
868 2344 932 2380 mox
950 2329 1098 2380 venturum
1117 2343 1189 2381 esse:
1218 2326 1294 2394 quod
1312 2342 1368 2379 non
1387 2343 1458 2394 opus
1477 2327 1538 2379 erat
1556 2325 1636 2378 factu

324 2397 348 2450 si
376 2399 441 2465 post
468 2398 620 2466 septimum
648 2398 705 2452 iarn
733 2398 808 2452 diem
836 2397 978 2466 profectus
1002 2401 1083 2452 esset.
1122 2398 1336 2452 scribendumne
1359 2399 1403 2450 111
1426 2397 1635 2466 ‘septendecim

324 2468 459 2521 diebus’?
496 2468 634 2522 Diodorus
663 2470 738 2524 enim
757 2469 841 2536 XVII,
857 2474 890 2522 99
914 2472 1022 2523 narrat:
1052 2470 1097 2524 ἐπὶ
1120 2469 1224 2532 πολλὰς
1247 2470 1277 2523 δὲ
1301 2466 1406 2537 ἡμέρας
1428 2477 1478 2522 τοῦ
1502 2466 1637 2538 βασιλέως

324 2537 530 2609 ἀσχοληθέντος
552 2541 616 2607 περὶ
639 2539 690 2609 τὴν
713 2538 885 2608 θεραπείαν,
909 2557 982 2608 quae
1006 2541 1068 2595 coll.
1083 2541 1156 2594 Plut.
1171 2541 1249 2595 Alex.
1266 2558 1287 2594 c.
1305 2545 1338 2593 63
1357 2540 1513 2593 1111111111
1531 2537 1635 2609 χρόνον
1747 2549 1748 2568 ³

325 2611 355 2665 ἐν
374 2607 468 2694 διαίτῃ
488 2611 536 2664 καὶ
554 2609 723 2679 θεραπείαις
742 2612 811 2682 ἔχων
831 2611 933 2667 ἑαυτὸν
950 2629 1006 2666 111
1026 2613 1062 2666 11
1081 2612 1153 2666 11111
1171 2615 1283 2681 tempus
1302 2611 1449 2665 referenda
1469 2613 1545 2676 sunt,
1571 2629 1635 2664 cum

323 2683 353 2735 in
372 2684 471 2736 castris
491 2683 601 2736 stativis
621 2685 657 2737 ad
672 2683 781 2737 Multan
801 2686 882 2750 esset,
902 2684 951 2737 sed
971 2681 1006 2738 ad
1021 2684 1099 2753 prius
1113 2686 1224 2752 tempus
1239 2701 1303 2736 cum
1317 2684 1422 2737 iaceret
1435 2699 1523 2752 prope
1536 2683 1636 2737 urbem
1677 2723 1680 2732 .
1748 2705 1749 2756 ᾗ

325 2753 478 2823 Schahpur.
499 2787 532 2794 —
552 2755 602 2808 sed
621 2755 696 2823 quod
714 2755 772 2809 iam
790 2755 837 2808 hic
856 2754 994 2809 adferam:
1014 2756 1135 2825 pessime
1153 2756 1248 2825 pergit
1267 2755 1417 2808 Diodorus:
1447 2753 1474 2808 oi
1493 2753 1565 2807 κατὰ
1584 2754 1636 2823 τὴν
1748 2759 1749 2792 i

324 2824 502 2894 Βακτριανὴν
530 2827 577 2879 καὶ
600 2825 766 2896 Σογδιανὴν
793 2825 1020 2888 κατοικισθέντες
1032 2823 1164 2896 Ἕλληνες
1192 2827 1222 2880 ἐκ
1249 2829 1352 2881 πολλοῦ
1376 2826 1427 2895 μὲν
1449 2825 1499 2879 τὸν
1524 2826 1554 2880 ἐν
1577 2835 1637 2888 τοῖς
1748 2877 1749 2880 ,

309 2895 478 2968 -βαρβάροις
497 2897 678 2966 κατοικισμὸν
694 2900 819 2968 χαλεπῶς
833 2898 944 2966 ἔφερον,
962 2897 1036 2952 τότε
1056 2899 1091 2953 111
1139 2898 1222 2967 ήμης
1240 2897 1498 2967 προσπεσούσης
1517 2898 1637 2960 αὐτοῖς

325 2964 376 3020 ὅτι
403 2969 549 3034 τρωθεὶς
577 2967 591 3022 ὁ
620 2969 779 3040 βασιλεὺς
803 2969 1041 3039 τετελεύτηκεν
1065 2919 1289 3039 inibantur...
1322 2969 1427 3023 rectius
1450 2968 1503 3022 hoc
1522 2967 1636 3022 Curtius

323 3039 440 3107 111,1,1
462 3039 560 3094 ‘haec
579 3041 656 3094 dum
674 3041 709 3094 in
727 3041 826 3094 India
843 3043 1010 3111 geruntur
1030 3040 1129 3096 Graeci
1148 3041 1274 3095 milites.
1293 3084 1297 3094 .
1315 3084 1319 3094 .
1340 3041 1415 3094 circa
1434 3039 1549 3106 Bactra,
1573 3043 1636 3094 orta

323 3110 397 3164 inter
416 3111 492 3179 ipsos
512 3111 650 3166 seditione
668 3111 853 3167 defecerant'.

414 3185 476 3251 343)
496 3182 531 3236 cf.
551 3183 612 3236 Arr.
627 3183 678 3250 VI,
695 3189 740 3250 14,
755 3190 779 3237 4,
818 3182 893 3252 quod
922 3182 1033 3238 Curtius
1061 3186 1158 3238 narrat
1186 3184 1241 3253 (lX,
1257 3189 1281 3250 6,
1298 3186 1337 3252 2):
1367 3183 1506 3238 ‘secundo
1532 3183 1636 3238 deinde
1748 3171 1749 3176 ἵ

324 3269 406 3307 amne
434 3253 586 3308 defluxit
613 3254 790 3323 aliquantum
817 3255 959 3309 intervalli
978 3272 995 3309 a
1014 3257 1107 3310 cetera
1131 3255 1242 3310 classe
1265 3255 1472 3324 praecipiens,
1500 3255 1636 3322 nequies

324 3324 434 3394 corpori
462 3325 586 3379 invalido
615 3326 707 3379 adhuc
730 3327 888 3381 necessaria
911 3327 995 3395 pulsu
1013 3344 1152 3382 remorum
1170 3327 1379 3396 impediretur'.
1417 3327 1493 3381 certe
1513 3325 1634 3380 ‘classe'

323 3413 379 3449 non
408 3397 480 3450 sumi
509 3399 603 3466 potest
626 3398 661 3452 de
684 3398 774 3452 classe
797 3397 847 3451 illa
870 3414 974 3468 magna
992 3399 1037 3453 vel
1059 3394 1140 3468 parte
1164 3399 1237 3465 eius,
1266 3415 1330 3452 cum
1348 3415 1440 3466 neque
1458 3397 1557 3450 classis
1576 3397 1636 3451 ulla

323 3467 514 3522 Alexandrum
540 3471 637 3523 secuta
665 3468 714 3534 sit,
742 3486 833 3536 neque
860 3469 948 3523 ullam
976 3472 1086 3539 partem
1113 3470 1211 3524 classis
1237 3469 1267 3522 in
1290 3470 1461 3539 superiorem
1485 3468 1635 3522 Mallorum

322 3539 1636 3682 1111111111111111111111111111111111111

324 3684 419 3736 autem
438 3683 579 3737 intervalli
599 3655 618 3737 a'
634 3683 734 3738 ceteris
753 3683 871 3737 navibus
886 3683 1045 3738 Alexander
1058 3685 1216 3754 praecepit:
1238 3685 1284 3739 ‘ne
1299 3684 1389 3753 quies’
1406 3685 1458 3737 etc.
1487 3683 1593 3750 quibus
1607 3683 1635 3736 in

323 3753 428 3820 verbis,
452 3755 535 3808 nain
555 3754 737 3809 ‘defluxit’
758 3755 885 3822 quidem,
911 3772 967 3808 non
986 3755 1071 3821 inest,
1090 3756 1165 3827 regis
1184 3772 1284 3810 navem
1303 3755 1357 3826 (vel
1376 3771 1460 3809 naves
1479 3755 1550 3808 duas
1571 3772 1635 3808 con·

324 3824 444 3894 iunctas)
473 3827 554 3893 aquis
580 3825 647 3880 solis
671 3828 828 3895 promotam
852 3842 912 3881 esse
936 3827 1022 3895 (quod
1046 3830 1225 3896 sumpserunt
1248 3827 1352 3882 Lassen
1371 3827 1397 3880 H
1415 3845 1441 3896 p.
1459 3831 1509 3879 179
1529 3826 1595 3880 adn.
1611 3831 1635 3889 3,

324 3895 421 3964 Droys.
437 3895 462 3948 II
480 3915 507 3965 p.
524 3900 592 3966 187).
630 3914 697 3951 nam
715 3914 800 3952 naves
820 3899 968 3966 sequentes
986 3898 1071 3953 remis
1091 3901 1166 3954 certe
1184 3901 1330 3968 promotae
1349 3899 1514 3967 (remorum
1533 3897 1633 3967 pulsu’

325 3965 410 4035 Curt.)
437 3983 502 4020 mox
528 3969 636 4039 regiam
663 3985 763 4022 navem
786 3971 931 4024 assecutae
954 3972 1060 4036 essent,
1088 3969 1241 4038 tranquille
1264 3987 1328 4023 curn
1351 3969 1432 4038 aquis
1456 3967 1634 4023 defluentem.

324 4039 439 4093 tandem
461 4038 544 4092 unius
567 4039 646 4094 navis
670 4040 767 4109 pulsus
790 4058 930 4095 remorum
953 4042 1013 4094 tam
1035 4041 1110 4096 leves
1134 4057 1194 4096 csse
1217 4044 1336 4110 possunt
1357 4040 1454 4095 utrix
1473 4040 1633 4094 audiantur.

323 4109 442 4164 navibus
466 4112 560 4165 autem
583 4112 692 4165 duabus
712 4111 868 4166 coniunctis
888 4113 1038 4178 cavebant,
1064 4112 1635 4180 111111111111111111111111111111111

323 4182 403 4235 navis
426 4182 513 4249 inque
536 4199 569 4236 ea
587 4183 740 4236 Alexandri
764 4200 863 4252 corpus
887 4183 1050 4237 invalidum.
1085 4184 1211 4238 conferas
1231 4185 1354 4253 speciem
1373 4184 1433 4238 aius
1450 4183 1632 4253 appellentis:

324 4255 433 4307 mortuo
453 4253 554 4306 similis
573 4271 608 4308 ne
627 4254 734 4324 spirare
753 4255 867 4324 quidem
885 4255 1035 4309 videbatur
1052 4255 1262 4310 Macedonibus.

414 4328 476 4394 111)
495 4325 561 4380 vido
580 4324 714 4393 1111111,
730 4331 755 4392 1,
771 4332 794 4379 a.
883 4369 886 4373 .

414 4399 477 4466 345)
496 4396 531 4450 cf.
546 4395 606 4450 Arr.
621 4396 672 4464 VI,
689 4404 734 4464 14,
750 4403 774 4450 4.
821 4396 933 4450 Curtius
962 4399 1037 4466 quod
1064 4399 1154 4452 tradit
1180 4399 1296 4454 iussisse
1323 4398 1514 4454 Alexandrum
1540 4399 1632 4452 taber·

324 4468 456 4521 naculum
479 4485 509 4522 11
532 4469 590 4521 ’111
612 4468 642 4521 in
665 4470 788 4524 medium
811 4469 937 4537 undique
961 4469 1143 4539 conspicuum
1167 4471 1267 4537 statui,
1290 4471 1366 4525 unde
1389 4488 1421 4526 se
1437 4469 1567 4525 hostibus
1585 4470 1631 4524 de·

323 4542 465 4593 mortuum
484 4556 516 4593 ar
535 4539 687 4594 itrantibus
707 4541 866 4596 ostenderet
879 4541 981 4608 vivum,
999 4541 1112 4596 videtur
1125 4542 1237 4595 nonnisi
1252 4559 1355 4612 augere
1368 4541 1481 4596 Arriani
1494 4543 1630 4606 nuntium,

325 4611 374 4678 qui
393 4611 583 4666 Alexandrum
606 4612 758 4665 tentorium
777 4629 794 4666 a
813 4613 902 4682 puppi
926 4613 1030 4667 auferri
1053 4613 1165 4667 rettulit
1187 4614 1314 4668 iussisse:
1344 4630 1399 4682 quo
1418 4614 1519 4669 melius
1539 4632 1556 4668 a
1574 4613 1630 4666 1111-

324 4681 463 4749 litibus,
491 4700 560 4751 quos
580 4683 638 4736 iam
657 4687 824 4739 convenerat
843 4685 1062 4753 conspiceretur:
1091 4685 1199 4751 hostes,
1228 4685 1277 4753 qui
1296 4688 1377 4739 erant
1395 4687 1469 4741 inter
1488 4686 1630 4754 Sehahpnr

325 4754 354 4807 et
372 4752 482 4808 1111111111
500 4755 606 4823 urbem,
626 4757 701 4809 certe
719 4756 776 4809 iam
796 4755 860 4810 aliis
879 4755 962 4810 rebus
981 4759 1169 4828 cognoverant
1187 4774 1281 4827 regem
1300 4757 1400 4812 vivere.
