3496 5308
675 326 897 392 ..51..

125 509 218 572 tibus
250 509 409 592 persecuti
438 511 513 571 sunt
541 507 667 589 integri.
715 509 827 570 octava
854 506 921 569 fere
949 505 1028 569 hora
1052 500 1178 590 (1111170)
1201 504 1356 586 temporis
1380 503 1442 566 Ito-

124 607 216 670 mani
247 627 356 690 pugna
388 605 492 668 maior
525 626 598 669 cum
626 603 724 688 P0r0,
758 625 840 687 quae
871 624 939 666 non
966 605 1080 685 coepta
1109 601 1208 666 fuerit
1231 605 1305 666 ante
1328 601 1441 666 horam

127 708 286 786 quartam,
309 701 463 766 Indorum
486 702 565 786 fuga
587 701 767 766 finiebatur.

216 801 319 865 Porus
348 801 502 884 quamdiu
536 821 666 863 suorum
699 803 824 883 partem
852 800 933 864 vidit
963 803 1176 884 pugnantem,
1203 802 1270 862 tam
1295 798 1350 861 diu
1373 798 1442 881 ipse

111 921 257 982 ¹quoque
288 899 398 964 hostes
431 919 601 983 aggressus
633 899 787 981 repellere
821 898 943 962 studuit
976 901 1008 961 et
1041 897 1130 960 ducis
1161 897 1239 960 boni
1270 901 1302 960 et
1329 897 1442 959 militis

125 998 222 1061 fortis
245 997 384 1082 iungens
409 997 527 1060 officio
573 1000 604 1060 et
629 1017 823 1079 quamquam
848 997 992 1079 equitum
1017 1017 1148 1059 suorum
1173 995 1301 1059 caedem
1325 998 1357 1058 et
1380 995 1442 1058 ele-

125 1095 267 1180 phantos
291 1095 420 1159 videbat
443 1095 562 1178 partim
585 1094 620 1157 in
643 1115 757 1178 campo
786 1117 913 1179 pugnae
942 1115 1051 1158 caesos
1080 1094 1197 1177 partim
1222 1093 1290 1156 sine
1313 1093 1442 1157 rectori-

124 1193 187 1257 bus
220 1197 376 1276 errantes,
404 1192 527 1276 pedites
557 1193 694 1274 denique
722 1193 895 1256 maximam
928 1196 1053 1275 partem
1085 1192 1285 1274 interfectos,
1312 1213 1379 1254 non
1405 1195 1443 1255 ut

125 1290 252 1356 Dareus
285 1291 409 1374 primus
442 1290 508 1354 suis
540 1291 636 1374 fugae
666 1291 794 1375 signum
816 1279 913 1354 dedit.
960 1291 1016 1354 sed
1034 1291 1166 1354 vulnere
1194 1291 1271 1354 satis
1295 1289 1386 1374 gravi
1408 1290 1443 1352 iu

124 1388 297 1453 humerum
322 1387 470 1452 dextrum
494 1392 626 1471 accepto
654 1426 691 1433 -
717 1412 736 1451 1
759 1389 884 1471 reliquo
909 1389 994 1452 enim
1019 1409 1153 1472 corpore
1176 1388 1271 1452 facile
1294 1387 1440 1452 defende-

124 1487 184 1551 bat
215 1487 281 1550 tela
312 1487 427 1570 lorica,
458 1486 573 1550 robore
606 1491 638 1550 et
672 1508 767 1570 opere
795 1508 896 1570 aeque
924 1487 1077 1572 insignis,
1100 1486 1270 1551 humerum
1294 1487 1442 1550 dextrum

124 1606 194 1648 non
217 1588 391 1669 contegens
406 1621 448 1629 -—
463 1588 533 1647 tum
557 1585 686 1648 demum
710 1585 927 1668 elephantum,
949 1586 1057 1668 ipsum
1081 1607 1209 1668 quoque
1231 1585 1333 1650 hastis
1356 1585 1443 1649 telis-

126 1704 191 1765 que
223 1683 440 1765 vulneratum,
471 1682 506 1744 in
538 1683 649 1766 fugam
678 1683 782 1747 vertit.
829 1689 926 1766 atque
957 1688 1085 1748 secutus
1109 1681 1291 1747 Alexander
1313 1682 1443 1766 Porum,

127 1803 225 1864 quem
257 1780 373 1844 fortem
407 1784 439 1844 et
467 1781 709 1864 magnanimum
740 1803 808 1846 esse
833 1785 1042 1866 cognouerat,
1066 1804 1190 1846 servare
1214 1782 1345 1845 studens
1370 1801 1440 1844 cum

127 1879 198 1962 ipse
222 1879 407 1960 adequitare
430 1875 708 1964 11111111111171)
728 1877 873 1942 Γ1111111111
893 1879 981 1944 misit
1000 1881 1208 1962 momturum,
1231 1903 1271 1944 ne
1290 1881 1441 1944 ultimum

125 1975 230 2041 Porus
264 1977 463 2059 experiretur
495 1975 687 2058 dederetque
720 1999 753 2040 se
780 1976 958 2041 Macedoni.
1005 1999 1100 2060 quem
1133 1983 1273 2043 veterem
1306 1979 1443 2061 hostem,

126 2095 295 2157 quousque
327 2078 435 2138 tutum
468 2073 637 2138 videbatur
668 2074 708 2138 ad
740 2075 947 2159 elephantum
975 2074 1052 2139 Pori
1081 2077 1320 2158 adequitantem
1351 2081 1383 2140 et
1406 2081 1443 2140 ut

125 2173 255 2236 beluam
283 2173 410 2237 sisteret
433 2169 672 2255 Alexandrique
701 2173 904 2238 condiciones
932 2175 1092 2258 acciperet
1122 2175 1340 2258 postulantem
1370 2196 1443 2238 cum

126 2271 328 2354 conspiceret
361 2270 463 2334 Porus
497 2270 643 2334 celeriter
674 2293 708 2335 se
741 2273 915 2354 convertit,
946 2275 1111 2354 tamqnam
1144 2272 1238 2337 hasta
1274 2273 1443 2356 petiturus,

127 2374 336 2451 necassetque
360 2369 496 2433 fortasse
519 2369 596 2451 ictu,
619 2369 682 2432 nisi
705 2370 794 2452 prius
817 2370 872 2433 ille
896 2392 913 2433 e
934 2369 1011 2433 Pori
1034 2371 1276 2454 propinquitate
1300 2393 1333 2435 se
1356 2393 1443 2434 amo-

127 2463 292 2553 ireseum)
337 2489 395 2531 rex
417 2489 458 2530 ne
480 2465 543 2530 hac
566 2467 695 2549 quidem
719 2469 814 2531 dere
838 2468 1035 2532 irascebatur
1053 2467 1147 2552 Poro,
1171 2469 1226 2533 sed
1249 2470 1330 2534 alios
1354 2471 1443 2534 misit

128 2565 264 2630 subinde
288 2569 320 2629 et
343 2565 481 2646 denique
499 2563 642 2629 Meroem
661 2563 777 2629 Indum
798 2565 973 2648 homiuem,
996 2588 1091 2649 quem
1110 2572 1251 2632 veterem
1270 2567 1347 2632 Pori
1365 2569 1442 2632 ami·

129 2683 203 2727 cum
227 2685 296 2728 esse
320 2663 493 2726 audiverat.
540 2667 572 2726 et
598 2661 695 2726 huius
719 2664 847 2728 demum
872 2665 1050 2729 orationem
1073 2666 1198 2750 accepit
1220 2665 1333 2748 Porus,
1356 2687 1442 2731 cum-

130 2783 192 2844 que
225 2761 280 2825 siti
307 2765 506 2845 premeretur
533 2762 741 2845 elephantum
775 2762 926 2827 substitit·
952 2763 1186 2846 descenditque.
1233 2785 1307 2828 cum
1334 2769 1442 2828 autem

129 2859 216 2922 sitim
245 2861 405 2942 explesset
433 2863 465 2922 et
494 2859 657 2924 refecisset
681 2882 714 2924 se
742 2860 782 2924 ad
805 2859 1025 2925 Alexandrum
1054 2863 1164 2926 statim
1188 2863 1291 2926 voluit
1319 2863 1442 2926 adduci.

129 2979 224 3040 quem
249 2961 421 3041 postquam
445 2958 759 3042 appropinquantem
767 2956 819 3044 173)
843 2959 976 3022 Macedo
1005 2961 1231 3025 animadvertit
1261 2961 1442 3044 paullulum

129 3060 202 3120 ante
234 3056 335 3120 aciem
364 3057 509 3138 equItum
542 3056 722 3140 provehens
752 3057 923 3121 comitibus
951 3059 1115 3123 nonnullis
1144 3059 1255 3123 amicis
1279 3058 1363 3123 Poro
1388 3060 1442 3123 ob-

219 3324 279 3390 170)
299 3321 363 3375 vide
378 3321 450 3376 Plnt.
465 3339 490 3374 v.
505 3321 583 3375 Alex.
600 3338 621 3375 c.
639 3327 686 3388 60;
706 3321 742 3376 de
760 3323 887 3392 tempore
905 3339 1018 3394 pugnae
1032 3323 1097 3378 vide
1111 3341 1184 3394 quae
1198 3324 1325 3394 Droysen
1340 3323 1443 3378 dixerit

130 3391 147 3444 l.
162 3391 180 3446 l.
195 3392 221 3445 Π
239 3411 265 3462 p.
284 3399 334 3447 142
354 3393 418 3447 adn.
435 3399 451 3446 2
471 3395 500 3446 et
519 3409 570 3462 ego
591 3393 735 3446 attulerim
754 3409 846 3462 supra.

219 3467 280 3534 171)
300 3463 374 3518 Curt.
390 3464 462 3532 VIII,
479 3470 558 3531 14,34
576 3465 768 3518 Alexandrum
791 3466 859 3518 dum
886 3465 948 3535 ipse
971 3466 1001 3519 in
1023 3485 1127 3520 novum
1151 3484 1254 3536 equum
1278 3467 1442 3522 ascenderet

129 3533 290 3588 vulneribus
319 3536 448 3590 confosso
472 3536 662 3606 (Bucephalal
700 3536 734 3590 cf.
761 3536 908 3591 Onesicriti
931 3537 1031 3608 fragm.
1053 3541 1079 3608 9)
1108 3539 1322 3608 defatigatoque
1349 3539 1442 3608 priore

130 3604 255 3675 legatum
278 3607 316 3660 ad
334 3607 436 3662 Porum
458 3607 569 3662 misisse
588 3611 696 3674 narrat3
726 3609 775 3662 sed
794 3609 928 3662 Arrianus
952 3609 1047 3678 plures
1072 3627 1136 3663 eum
1159 3610 1270 3663 misisse
1288 3612 1370 3664 111111
1390 3613 1440 3664 est.

129 3693 185 3730 non
203 3677 354 3732 verisimile
377 3681 421 3733 111
438 3679 630 3733 Alexandrum
654 3697 764 3749 semper
789 3697 893 3750 equum
916 3683 1049 3735 mutasse.
1086 3681 1189 3735 metuit
1206 3681 1269 3750 ipse
1287 3682 1368 3735 iHum
1386 3682 1441 3736 for-

131 3747 198 3803 titer
215 3753 390 3818 pugnantem
408 3751 566 3820 metuitque
585 3751 775 3820 elephantum.

203 3823 263 3890 172)
287 3820 328 3874 111
351 3823 486 3876 Arrianus
509 3825 607 3876 narrat
625 3823 658 3890 V,
676 3828 735 3890 18,ss
764 3823 833 3876 satis
862 3823 1042 3878 credibiliter.
1082 3823 1194 3878 Curtius
1213 3823 1290 3892 VIII,
1311 3829 1440 3894 14,34sq.

131 3889 236 3944 Taxilis
264 3891 380 3946 fratrem
408 3893 443 3947 ab
466 3893 568 3948 Porum
597 3893 632 3946 ab
656 3893 815 3948 Alexandro
841 3895 1028 3964 praemissum
1051 3911 1112 3950 esse
1134 3895 1228 3950 refert.
1271 3914 1355 3965 quem
1378 3915 1441 3950 oum

131 3965 279 4030 cognosset
292 3963 378 4017 Porus
393 3997 426 4006 -
443 3964 538 4019 Omtio
557 3967 630 4020 teste
645 3997 678 4005 —
696 3965 823 4034 quamvis
842 3967 904 4035 ipse
922 3967 968 4019 vix
985 3967 1088 4020 mentis
1109 3984 1222 4036 compos
1241 3968 1441 4038 exhaustisque

130 4033 234 4087 viribus
253 4037 340 4103 11111,
359 4036 460 4104 telum,
480 4037 555 4106 quod
573 4055 661 4090 unum
680 4036 738 4090 iam
756 4039 825 4105 1111,
844 4037 875 4090 in
894 4055 958 4092 eum
977 4038 1125 4092 contorsit:
1153 4040 1229 4108 quod
1247 4056 1297 4108 per
1315 4041 1441 4094 medium

131 4107 229 4174 peetus
249 4107 286 4158 ad
304 4109 416 4176 tergum
434 4109 600 4176 penetravit.
638 4108 750 4162 Taxiles
769 4109 864 4176 frater,
885 4109 920 4164 de
939 4127 994 4179 quo
1013 4111 1090 4164 nullo
1110 4111 1167 4164 alio
1185 4111 1247 4164 loco
1266 4111 1382 4165 verbum
1400 4112 1439 4178 fit,
1508 4172 1510 4177 ,

131 4177 201 4231 sire
219 4194 285 4231 1111
304 4193 321 4231 a
340 4178 411 4232 Poro
430 4179 595 4234 interfectus
615 4183 665 4247 111,
686 4181 762 4249 quod
781 4183 877 4250 posset
896 4197 963 4235 sane
982 4181 1090 4236 factum
1113 4199 1182 4250 esse,
1202 4184 1277 4237 certe
1295 4200 1352 4236 non
1370 4185 1439 4250 tum,

131 4248 179 4302 sed
202 4247 231 4301 in
259 4265 356 4319 pugna
384 4251 568 4306 antecedente
596 4251 704 4305 occisus
732 4254 782 4306 est.
825 4253 909 4307 aliter
936 4253 1008 4306 enirn
1034 4253 1161 4307 1111111111
1188 4255 1263 4308 inter
1286 4254 1388 4307 Porum
1412 4255 1441 4308 et

130 4319 256 4374 Taxilem
282 4323 382 4390 postea
407 4333 469 4374 1111
493 4323 540 4375 vix
564 4325 684 4392 poterat.
723 4322 862 4378 Diodorus
885 4323 1012 4378 Taxilem
1037 4325 1082 4380 vel
1104 4325 1221 4380 fratrem
1244 4325 1361 4380 missum
1380 4341 1440 4379 esse

131 4392 249 4461 ignorat.
403 4393 405 4402 ’
710 4421 711 4424 “

219 4466 280 4533 173)
303 4466 398 4517 utrum
426 4480 497 4532 equo
526 4467 576 4518 aut
603 4481 685 4518 curru
712 4465 860 4520 vehentem
887 4484 943 4520 non
970 4467 1080 4522 indicat
1102 4469 1250 4535 Arrianus,
1279 4467 1328 4536 qui
1350 4467 1441 4520 utitur

131 4535 220 4588 verbis
244 4534 324 4605 ἄγειν
347 4538 376 4590 11
398 4535 558 4606 προσάγειν.
597 4536 724 4590 Curtium
743 4538 767 4590 si
786 4537 924 4606 audimus,
951 4539 1000 4608 qui
1019 4555 1086 4594 sane
1104 4557 1163 4594 rem
1182 4541 1252 4593 mire
1271 4539 1439 4607 auxit'VIIL

135 4611 208 4672 14‚40
219 4625 268 4676 sq,
287 4607 416 4660 vehiculo
436 4607 569 4662 advectus
589 4611 639 4662 est.
677 4609 753 4677 quod
772 4609 796 4662 si
810 4625 906 4662 verum
921 4626 981 4664 esse
998 4613 1141 4680 sumimus,
1160 4611 1357 4680 intellegemus
1372 4629 1439 4680 quo-

133 4677 212 4730 modo
231 4695 264 4732 ex
287 4678 337 4732 illo
359 4695 470 4733 rumore
494 4679 528 4733 de
552 4679 708 4734 advehente
727 4679 798 4734 Poro
818 4698 913 4735 omnes
934 4683 1020 4736 ceteri
1039 4683 1074 4736 de
1093 4683 1257 4753 gravissime
1276 4682 1325 4736 illo
1344 4683 1440 4736 vulne-

133 4749 191 4800 rato
211 4751 239 4802 et
257 4750 416 4804 semiamini
434 4767 524 4820 paene
543 4751 598 4805 orti
617 4767 677 4805 esse
696 4753 813 4820 possint.
