3496 5308
734 327 956 392 -61-

184 529 268 590 equo
297 510 427 572 mortuo
460 529 579 572 nomen
611 507 728 572 indidit
756 504 1043 595 ‘Bucephala’¹⁸⁵),
1075 510 1247 593 posteriori
1279 509 1430 576 ‘Nicaea’
1460 531 1500 575 ex

183 606 329 670 victoria.
363 609 460 689 atque
475 603 642 670 Craterum
661 609 774 689 postea
793 626 866 670 oum
885 609 976 690 parte
991 608 1148 672 exercitus
1162 608 1295 692 reliquit
1312 609 1407 674 urbes
1426 609 1498 674 illas

184 707 426 768 exstructmum
445 705 718 787 muniturumque,
732 707 832 788 utque
850 704 1014 769 frumento
1033 705 1169 789 aliisque
1188 706 1229 770 ad
1247 706 1369 770 bellum
1388 728 1499 791 geren·

183 802 261 865 dum
294 802 391 867 rebus
423 803 611 867 necessariis
644 825 684 866 ex
711 800 864 866 Indorum
898 803 1084 888 regionibus
1115 805 1235 868 coactis
1264 805 1305 868 ad
1327 802 1498 870 Acesinum

182 896 436 986 sequeretur.1⁸⁶)
463 901 532 984 ipse
555 900 678 964 affectis
702 899 810 965 debito
833 900 956 964 honore
980 902 1035 984 qui
1058 902 1093 965 in
1116 923 1225 986 pugna
1248 903 1427 966 ceciderant
1450 926 1498 968 sa-

182 998 380 1082 crificiisque
403 999 501 1063 solito
525 1021 614 1063 more
638 1021 697 1082 pro
721 999 857 1063 victoria
881 996 1037 1086 factis¹⁸⁷)
1060 1003 1092 1063 61
1115 1000 1199 1064 ludis
1223 1001 1381 1085 gymnicis
1405 1022 1498 1085 eque·

181 1097 370 1180 sinibusque
400 1097 441 1161 ad
464 1120 537 1161 eum
560 1095 725 1181 Hydaspis
747 1098 855 1160 locum
880 1118 944 1179 quo
968 1097 1109 1180 primum
1134 1119 1207 1162 cum
1231 1099 1373 1162 exercitu
1395 1103 1497 1164 trans-

182 1217 316 1280 gressus
335 1197 405 1258 erat
423 1195 458 1259 in
476 1194 547 1279 ripe
567 1196 695 1260 sinistra
714 1195 881 1278 institutis,
894 1195 1023 1258 refectis
1042 1195 1180 1279 denique
1198 1197 1356 1260 militibus
1375 1218 1497 1282 proque

180 1293 309 1357 meritis
329 1291 515 1380 donatis¹⁸⁸)
535 1296 610 1377 post
628 1293 763 1379 triginta
779 1292 846 1356 dies
861 1315 970 1357 mense
983 1290 1078 1357 Iunio
1097 1295 1208 1378 paullo
1227 1297 1302 1358 ante
1321 1294 1496 1360 solstitium

273 1463 336 1529 185)
355 1460 390 1514 de
414 1459 531 1514 diversis
554 1459 632 1513 urbis
651 1459 877 1528 Bucephalomm
899 1459 1060 1513 nominibus
1085 1460 1120 1513 ab
1144 1459 1270 1530 antiquis
1290 1461 1407 1515 servatis
1426 1462 1497 1516 haec

179 1531 307 1584 tradam:
333 1530 507 1602 Bucephalia
525 1531 687 1584 nominatur
706 1547 723 1584 a
742 1531 878 1585 Strabone
897 1529 949 1584 XV
967 1549 993 1600 p.
1011 1536 1062 1584 698
1082 1532 1111 1583 61
1128 1531 1201 1584 Plut.
1217 1532 1265 1586 vit.
1281 1531 1359 1586 Alex.
1376 1551 1398 1587 c.
1415 1538 1447 1587 61
1468 1536 1497 1588 et

180 1603 218 1656 de
237 1603 302 1656 fort.
317 1603 395 1656 Alex.
410 1603 431 1669 I,
447 1609 470 1656 o.
510 1602 695 1672 Βουκεφάλαν
714 1603 793 1656 novit
810 1602 950 1656 Diodorus
969 1601 1055 1670 XVII,
1070 1608 1138 1669 95,6.
1159 1603 1290 1672 (Arrian.)
1304 1603 1407 1674 Peripl.
1423 1623 1451 1674 p.
1463 1611 1496 1660 25

179 1674 225 1728 ed.
244 1674 334 1727 Huds.
358 1677 387 1727 61
411 1674 501 1729 Schol.
521 1674 664 1744 Aristoph.
684 1673 757 1727 Nub.
781 1674 915 1728 invocent
944 1673 1042 1728 urbem
1069 1674 1145 1728 Buce
1166 1673 1263 1728 halam
1290 1675 1497 1730 Alexandream

178 1743 387 1814 ἡΒουκέφαλα
402 1742 601 1813 Ἀλεξάνδρεια.
640 1745 735 1814 Steph.
751 1746 816 1813 Byz.
837 1743 1048 1813 Βοακεφάλειαν
1067 1693 1202 1814 appeiiat.
1240 1747 1270 1799 in
1295 1748 1429 1802 contextu
1455 1765 1497 1802 se-

179 1819 262 1870 cutus
287 1834 349 1870 sum
371 1817 522 1870 Arrianum
541 1816 573 1884 V,
591 1823 650 1883 19,4
676 1833 797 1885 quocum
820 1819 980 1886 congruunt
1005 1819 1034 1870 et
1056 1815 1165 1871 Plinius
1188 1817 1240 1871 1,1.
1265 1820 1294 1872 et
1316 1817 1496 1874 Ptolemaeus

179 1888 241 1956 VH,
257 1894 280 1941 1.
320 1889 444 1942 ceterum
466 1889 550 1942 urbes
576 1888 673 1942 ambas
697 1888 755 1942 iam
774 1887 871 1941 statim
889 1889 955 1956 post
972 1904 1099 1958 pugnam
1117 1887 1154 1942 ab
1172 1888 1332 1943 Alexandro
1352 1890 1496 1945 aedificari

180 1962 296 2029 coeptas
315 1975 376 2013 esse
393 1962 492 2013 narrat
510 1959 622 2013 (11111116
640 1959 687 2024 IX,
704 1965 758 2026 1‚o:
785 1975 833 2012 rex
852 1959 961 2012 duabus
980 1959 1097 2013 urbibus
1117 1960 1238 2014 conditis
1257 1961 1287 2014 in
1306 1964 1426 2030 utraque
1445 1963 1496 2015 flu-

178 2032 265 2085 minis
284 2031 361 2100 quod
380 2034 560 2100 superaverat
577 2032 649 2100 ripa,
669 2031 814 2100 copiarum
833 2031 917 2084 duces
937 2032 1046 2085 coronis
1067 2073 1117 2085 ...
1139 2031 1227 2085 donat
1245 2034 1297 2086 etc.
1335 2036 1435 2102 postea
1448 2033 1495 2099 IX,

178 2108 241 2169 333
264 2102 448 2172 neglegenter
476 2119 539 2156 cum
561 2103 754 2157 Alexandrum
780 2102 887 2156 redisse
910 2104 1039 2157 narraret
1062 2104 1218 2156 exstructas
1242 2121 1303 2158 esse
1329 2121 1376 2158 eas
1399 2123 1495 2160 rursus

178 2174 271 2228 tradit
290 2174 420 2244 (‘oppida
439 2190 551 2243 quoque
570 2176 625 2228 duo
645 2174 796 2244 condidit’)
816 2176 877 2227 tum
896 2173 1009 2227 demum
1027 2174 1143 2228 nomina
1162 2191 1258 2228 corum
1273 2175 1388 2230 addens.
1418 2177 1496 2230 simi-

178 2246 246 2300 liter
263 2245 403 2300 Diodorus
422 2245 512 2310 XVII,
527 2251 588 2312 89,6
612 2247 710 2300 statim
734 2245 862 2299 conditas
886 2261 933 2299 eas
960 2245 1058 2311 refert,
1078 2246 1127 2300 sed
1146 2246 1307 2300 nominatus
1327 2247 1440 2301 demum
1459 2249 1495 2302 ab

178 2317 340 2371 Alexandro
363 2333 473 2371 reverso
495 2317 584 2385 XVII,
600 2323 674 2384 96,1;
707 2318 783 2387 quod
806 2316 852 2371 vix
880 2317 956 2370 credi
979 2319 1080 2386 potest.
1118 2317 1205 2371 etiam
1227 2318 1257 2371 in
1281 2318 1388 2373 haere
1411 2319 1495 2374 fidem

179 2388 321 2458 potiorem
339 2388 507 2443 habebimus
526 2389 653 2443 Arriano.

271 2462 332 2528 186)
357 2459 391 2513 cf.
411 2459 520 2513 Anien.
536 2460 569 2527 V,
589 2466 657 2524 212.
678 2467 702 2514 4.
745 2461 780 2514 dc
808 2460 899 2514 classe
926 2459 983 2513 iam
1011 2463 1072 2514 tum
1099 2462 1199 2530 parato
1228 2463 1263 2529 (v.
1286 2460 1495 2529 Curt.IX,1,3,

178 2531 262 2586 Diod.
277 2531 366 2597 XVII,
382 2533 454 2601 891)
478 2531 550 2585 nihil
573 2533 663 2586 tradIt
681 2533 830 2600 Arrianus,
855 2534 940 2600 atque
969 2532 1052 2586 credo
1076 2532 1145 2586 satis
1169 2531 1251 2585 multi
1276 2533 1384 2602 negotii
1407 2532 1495 2588 1111666

179 2602 295 2657 Cratero
314 2602 396 2657 urbes
416 2601 578 2657 aedificanti
598 2607 626 2658 et
645 2603 702 2658 alia
720 2603 879 2658 necessaria
901 2603 1023 2672 paranti.
1056 2603 1121 2658 vide
1140 2604 1227 2658 etiam
1241 2603 1274 2670 V,
1291 2609 1351 2672 293
1371 2607 1400 2659 61
1421 2623 1494 2675 quac

178 2673 254 2728 infra
273 2674 308 2728 de
326 2675 372 2728 his
392 2690 537 2744 exponam.

271 2750 332 2816 187)
352 2745 465 2800 Curtius
483 2745 534 2814 IX,
551 2753 590 2814 1,1
615 2746 721 2800 milites
745 2748 813 2816 ‘quo
836 2746 1058 2816 promptioribus
1082 2746 1183 2800 animis
1206 2747 1317 2816 reliqua
1340 2747 1409 2801 belli
1434 2748 1494 2802 obi-

179 2818 255 2872 rent'
276 2818 313 2871 ab
331 2817 492 2872 Alexandro
516 2835 567 2887 pro
591 2818 721 2872 6611116116
743 2817 874 2872 laudatos
894 2821 923 2872 et
942 2818 1039 2872 doctos
1058 2833 1119 2872 esse
1138 2818 1278 2888 quidquid
1296 2819 1373 2872 Indis
1391 2820 1495 2874 virium

178 2889 281 2943 fuisset
294 2891 466 2958 prostratum
481 2905 549 2957 esse,
564 2891 634 2960 ipsis
649 2891 706 2944 iam
720 2890 856 2959 praedam
869 2892 999 2959 paratam
1014 2905 1074 2943 esse
1089 2889 1264 2958 opulentam:
1286 2891 1374 2944 ‘avidi
1388 2891 1494 2946 milites

179 2963 209 3014 et
226 2960 365 3030 pecuniae
383 2962 413 3013 et
430 2960 538 3030 gloriae
557 2961 649 3029 simul,
669 2962 737 3030 quie
755 2977 910 3030 numquam
925 2977 972 3015 eos
991 2961 1143 3016 affirmatio
1164 2961 1224 3015 61116
1242 2961 1391 3030 fefellerat,
1410 2963 1494 3032 116111-

179 3034 278 3086 centur
296 3033 432 3101 operam’.
469 3049 521 3102 per
539 3050 568 3087 se
587 3051 643 3086 non
663 3035 737 3087 esset
755 3032 930 3098 incredibile,
950 3033 987 3086 ad
1005 3032 1112 3086 milltes
1130 3035 1192 3086 tum
1210 3033 1295 3086 verba
1313 3033 1414 3087 fecisse
1428 3035 1493 3088 Ale-

178 3103 331 3171 xandrum,
354 3105 521 3173 praesertim
545 3121 609 3158 cum
632 3104 681 3158 illo
705 3105 763 3158 iam
786 3106 912 3174 tempore
936 3120 1084 3173 expugna
1103 3121 1167 3157 cum
1186 3103 1257 3157 Poro
1276 3104 1353 3158 facta
1370 3106 1494 3159 militum

179 3175 268 3228 animi
289 3175 392 3228 defessi
412 3177 518 3244 essent,
542 3176 768 3245 inteHegentium
792 3193 848 3230 non
867 3176 966 3230 eodem
984 3176 1067 3229 modo
1086 3175 1161 3228 vinci
1179 3175 1263 3229 Indos
1282 3178 1367 3244 atque
1386 3177 1492 3231 Persas.

178 3249 276 3300 tamen
295 3263 358 3299 cum
376 3247 450 3300 nibil
469 3247 504 3301 de
521 3247 575 3301 tali
594 3248 721 3301 oratione
739 3248 856 3302 11611611
875 3248 1009 3301 Arrianus
1029 3263 1062 3301 ac
1084 3263 1120 3301 ne
1138 3246 1278 3301 Diodorus
1297 3247 1424 3316 quidem,
1444 3249 1493 3316 qui

179 3319 210 3372 in
229 3318 330 3372 ceteris
349 3317 403 3372 hoc
421 3317 483 3372 loco
501 3319 587 3388 plane
606 3320 746 3374 consentit
769 3337 832 3373 cum
851 3318 960 3387 Curtio,
979 3319 1103 3388 putarim
1122 3333 1139 3371 a
1156 3317 1251 3372 Curtio
1271 3319 1414 3372 inventam
1433 3337 1493 3374 esse

177 3390 252 3444 banc
275 3390 432 3443 orationem
459 3391 541 3458 quasi
568 3391 723 3461 imaginem
745 3391 836 3459 illius,
860 3407 946 3460 quam
973 3391 1010 3444 ad
1037 3391 1130 3460 ripam
1153 3389 1297 3459 Hyphasis
1325 3389 1403 3444 fluvii
1426 3391 1491 3444 Ale-

179 3461 319 3514 xandrum
338 3460 471 3515 habuisse
491 3462 527 3514 ad
547 3464 699 3517 exercitum
719 3465 747 3517 et
762 3462 873 3516 Curtius
888 3465 917 3517 61
931 3463 1070 3517 Diodorus
1084 3462 1213 3516 tradunt:
1233 3477 1289 3530 qua
1308 3462 1380 3515 nihil
1399 3461 1493 3516 offecit

181 3531 349 3586 Alexander.
388 3534 475 3587 etIam
493 3533 573 3588 illam
592 3535 749 3588 orationem
763 3534 798 3587 ab
814 3537 927 3588 auctore
942 3551 1042 3606 graeco
1057 3534 1152 3588 fictam
1167 3549 1227 3587 6666
1240 3533 1375 3586 Arrianus
1390 3535 1493 3602 arguit,

179 3605 228 3672 qui
257 3604 342 3658 duces
370 3605 495 3672 tantum,
519 3622 574 3658 non
597 3605 703 3660 milites
731 3605 767 3659 ab
791 3605 950 3659 Alexandro
975 3605 1133 3675 appellatos
1162 3621 1221 3658 esse
1245 3604 1372 3658 tradidit.
1410 3622 1493 3674 porro

179 3675 260 3729 Diod.
277 3675 362 3741 XVII,
377 3679 438 3742 89,ss
458 3678 487 3730 et
501 3675 613 3730 Curtius
627 3677 673 3743 IX,
690 3683 731 3744 1,1
751 3680 868 3730 narrant
883 3677 940 3730 Soli
960 3677 1131 3730 sacrificasse
1145 3675 1337 3728 Alexandrum
1356 3675 1493 3745 additque

181 3763 310 3800 caussam
325 3746 478 3801 Diodorus:
499 3747 535 3809 ὡς
554 3747 688 3802 δεδωκότι
707 3747 741 3801 τὰ
760 3747 830 3816 πρὸς
850 3746 989 3816 ἀνατολὴν
1008 3747 1075 3816 μέρη
1095 3744 1347 3815 καταστρέψασθαι
1362 3747 1493 3802 similiter

181 3817 292 3872 Curtius
311 3817 329 3870 l.
345 3817 362 3871 I.
385 3819 514 3872 ‘victoria
532 3818 637 3885 laetus,
657 3835 713 3888 qua
732 3819 800 3872 sibi
824 3817 977 3872 Orientis
1000 3817 1090 3872 fines
1115 3819 1253 3886 apertos
1277 3833 1351 3872 esse
1376 3835 1492 3874 cense-

183 3890 264 3944 bat’.
302 3889 384 3957 quasi
406 3889 461 3944 hac
483 3907 541 3944 una
565 3890 682 3944 victoria
705 3891 763 3944 iam
782 3906 877 3944 omnes
896 3890 933 3943 ad
952 3889 1089 3944 orientem
1107 3891 1255 3958 vergentes
1278 3889 1408 3959 regiones
1428 3892 1492 3945 sub-

180 3961 284 4031 egisset
302 3961 474 4015 Alexander!
512 3963 547 4016 de
565 3962 619 4016 hoc
638 3962 774 4016 sacrificio
792 3963 870 4016 16661
887 3961 1035 4026 1111611116,
1055 3961 1104 4014 sed
1127 3977 1184 4014 non
1206 3960 1320 4031 ignorat
1339 3961 1403 4015 aliis
1422 3962 1492 4016 locis

180 4033 203 4086 si
226 4033 276 4087 uni
299 4034 411 4086 tantum
435 4033 487 4087 deo
510 4033 669 4088 Alexander
697 4049 777 4088 sacra
804 4031 875 4087 facit
897 4032 931 4087 cf.
947 4032 994 4100 IV,
1009 4038 1077 4098 2211.
1120 4034 1195 4086 certe
1223 4032 1247 4086 si
1275 4035 1340 4101 post
1366 4049 1492 4103 pugnam

181 4107 278 4158 6611116
301 4103 405 4158 Porum
427 4104 534 4158 factam
558 4104 616 4159 Soli
639 4105 816 4160 immolatum
836 4107 917 4171 esset,
938 4106 1189 4159 commemorasset.

269 4179 331 4246 188)
350 4178 426 4230 errat
443 4178 519 4230 certe
537 4176 676 4231 Diodorus
695 4177 784 4243 XVII,
800 4182 860 4244 89,6
880 4177 929 4245 qui
952 4175 1039 4231 refert
1056 4175 1248 4230 Alexandrum
1266 4177 1345 4245 post
1363 4175 1492 4230 conditas

179 4248 261 4302 urbes
285 4249 370 4316 atque
394 4248 513 4302 classem
537 4248 715 4302 aedificatam
737 4248 857 4319 triginta
879 4265 929 4318 per
953 4248 1013 4302 dies
1036 4247 1167 4302 refecisse
1190 4247 1302 4302 milites.
1341 4247 1492 4301 verisimile

180 4319 294 4387 quidem
312 4322 356 4374 est
374 4319 493 4390 triginta
512 4320 572 4374 dies
592 4321 630 4373 ad
648 4320 790 4390 Hydaspis
809 4320 901 4389 ripam
919 4321 1060 4374 moratum
1079 4336 1139 4374 esse
1157 4335 1260 4388 regem,
1282 4319 1387 4389 partim
1405 4319 1492 4372 etiam

178 4393 211 4444 ut
227 4391 334 4514 rqilites
356 4394 507 4459 recrearet,
532 4392 581 4446 sed
604 4391 680 4446 111116
703 4393 754 4446 hos
777 4391 897 4461 triginta
916 4392 977 4446 dies
996 4391 1083 4446 etiam
1101 4391 1184 4446 urbes
1203 4391 1270 4445 iHae
1291 4392 1407 4460 coeptae
1426 4393 1492 4445 sunt

179 4463 242 4516 aedi
264 4462 329 4516 cari.

284 4536 408 4588 ceterum
432 4535 534 4588 mirum
557 4536 600 4587 est
623 4550 640 4588 6
663 4535 741 4588 nullo
770 4535 906 4604 scriptore
928 4534 1024 4604 regiae
1049 4533 1127 4588 urbis
1146 4533 1211 4588 Pori
1235 4534 1407 4588 mentionem
1431 4533 1491 4587 fieri

178 4622 268 4673 neque
287 4608 348 4659 tum
366 4621 457 4674 neque
475 4607 575 4674 postea
594 4623 657 4658 cum
676 4606 835 4660 Alexander
853 4607 1007 4660 reverterit.
1045 4605 1144 4660 Lenius
1163 4606 1181 4660 1.
1197 4605 1214 4658 l.
1230 4624 1257 4675 p.
1273 4611 1307 4669 40
1332 4607 1416 4674 putat
1434 4622 1490 4658 non

178 4676 260 4730 unius
279 4679 391 4731 tantum
410 4677 508 4746 populi
527 4679 560 4730 ut
576 4676 702 4730 Taxilem
721 4677 771 4730 sed
791 4677 976 4746 complurium
995 4677 1143 4730 nationum
1160 4694 1256 4748 regem
1274 4676 1361 4730 fuisse
1379 4677 1490 4743 Porum,

178 4750 210 4802 ut
228 4765 283 4802 non
301 4766 390 4802 unum
408 4749 587 4818 potissimum
606 4751 692 4818 caput
710 4748 790 4818 regni
808 4748 933 4803 haberet.
971 4749 1041 4802 mihi
1060 4749 1240 4803 verisimilius
1259 4750 1303 4803 est
1316 4747 1403 4804 fuisse
1417 4748 1492 4803 inter
