3496 5308
852 291 1076 356 *32-

310 451 490 517 incredibili
523 451 654 517 audacia
685 452 850 536 perterriti
882 475 987 534 neque
1020 473 1117 536 porro
1149 451 1260 516 hostes
1292 452 1332 516 ad
1360 455 1462 537 ipsam
1492 457 1638 538 petram

310 572 462 637 aggerem
477 552 541 615 iam
556 551 708 616 ducentes
723 550 892 616 defendere
907 573 941 615 se
955 572 1051 635 posse
1065 551 1128 614 rati
1143 549 1184 613 ad
1198 548 1417 615 Alexandrum
1432 549 1635 638 legatumffi)

311 647 467 713 miserunt
495 652 606 732 petrae
635 649 831 714 deditionem
862 651 917 733 qui
941 648 1147 733 promitteret
1171 648 1198 712 si
1221 671 1278 712 rex
1301 653 1467 733 pateretur
1489 649 1632 733 pacisci.

310 747 499 832 cogitabant
518 750 627 812 autem
646 746 730 811 diem
750 746 953 832 pactionibus
971 745 1126 812 faciendis
1144 750 1317 832 conterere,
1338 751 1437 812 noctu
1456 747 1631 833 aufugere.

311 844 430 926 quibus
458 867 531 909 cum
559 846 701 910 audisset
729 844 923 929 Alexander,
951 849 984 908 et
1011 844 1167 929 temporis
1194 844 1336 929 spatium
1359 844 1517 911 concessit
1540 845 1632 910 satis

310 964 463 1028 magnum
496 943 536 1007 ad
568 943 793 1008 discedendum
823 947 855 1008 et
882 943 944 1008 loci
972 942 1050 1007 satis
1078 942 1230 1027 amplum.
1281 947 1380 1008 noctu
1408 947 1516 1008 autem
1544 965 1630 1008 cum

311 1039 470 1104 discedere
494 1040 558 1104 iam
582 1040 739 1106 barbaros
762 1063 802 1106 ex
820 1038 1001 1129 Balacro⁸⁹)
1026 1040 1081 1125 qui
1105 1040 1324 1125 specularetur
1346 1040 1521 1127 praemisso
1545 1063 1630 1128 eog-

308 1142 419 1203 nosset
450 1138 521 1222 ipsa
552 1161 625 1204 cum
653 1139 929 1224 praetorianorum
957 1143 990 1204 et
1017 1137 1280 1223 hypaspistarum
1308 1139 1523 1226 septingentis
1551 1139 1629 1204 fere

312 1258 352 1300 ex
376 1236 457 1300 colle
480 1238 664 1321 nuperrime
688 1242 845 1322 occupato
864 1237 989 1322 primus
1008 1227 1042 1300 in
1060 1239 1187 1320 petram
1205 1237 1348 1302 ascendit
1366 1237 1629 1321 Macedonesque

311 1334 413 1398 secuti
445 1339 535 1421 sunt,
566 1335 622 1401 alii
654 1335 717 1401 alia
748 1335 834 1400 inter
863 1358 897 1400 se
924 1356 1052 1400 sursum
1080 1333 1252 1400 trahentes.
1299 1339 1332 1399 et
1360 1335 1435 1399 dato
1463 1335 1557 1422 signo
1587 1334 1630 1399 in

313 1432 424 1496 hostes
456 1432 624 1498 incurrunt
656 1433 869 1499 discedentes:
901 1433 996 1498 multi
1023 1431 1176 1497 Indorum
1208 1433 1255 1498 ita
1288 1434 1322 1497 in
1353 1433 1431 1520 fuga
1458 1432 1630 1498 interfecti

312 1535 402 1617 sunt,
427 1532 574 1597 nonnulli
598 1533 761 1617 perterriti
785 1531 979 1616 praecipites
1003 1530 1037 1595 in
1059 1530 1229 1617 voragines
1251 1553 1285 1596 se
1309 1531 1453 1596 iecerunt
1475 1531 1627 1616 perituri.

311 1627 460 1711 plurimis
482 1635 592 1695 18111811
615 1631 756 1717 effugere
779 1629 873 1695 1181111
896 1629 1040 1716 integris.
1731 1705 1732 1716 ,

400 1726 462 1792 Sed
489 1729 632 1794 nondum
662 1734 766 1794 totam
788 1727 1023 1793 Assacanorum
1045 1726 1228 1793 Alexander
1252 1733 1421 1813 pacaverat
1444 1729 1625 1815 regionem.
1731 1719 1732 1746 .

312 1848 408 1909 quare
436 1826 470 1891 in
499 1828 570 1911 ipsa
597 1831 689 1912 petra
711 1827 874 1891 Minervae
897 1826 1124 1910 Victoriaeque
1153 1848 1226 1891 cum
1254 1827 1292 1892 de
1320 1826 1455 1891 victoria
1481 1827 1627 1892 feliciter

310 1928 475 2008 reportata
507 1926 716 1990 sacrificasset
748 1928 780 1989 et
813 1924 943 1989 castello
976 1923 1024 1988 ibi
1056 1922 1227 2012 munit090)
1261 1923 1496 2013 sisicotcumffl)
1528 1947 1626 2010 prae·
1731 1957 1732 1980 1

310 2021 447 2105 fecisset,
470 2023 544 2088 inde
568 2024 609 2088 ab
629 2023 739 2088 Aorno
762 2026 854 2106 petra
878 2023 988 2086 statim
1012 2023 1046 2086 in
1068 2023 1215 2108 regiones
1234 2023 1499 2108 septentrionales
1518 2023 1625 2087 movit

311 2142 370 2204 per
406 2121 522 2185 vallem
558 2122 653 2186 hodie
685 2120 794 2186 Buner
829 2123 986 2185 vocatum.
1047 2142 1110 2204 quo
1142 2118 1299 2204 Aphrioes
1331 2118 1484 2185 Assaceni
1516 2142 1624 2204 nuper

311 2217 431 2281 mortui
468 2217 613 2302 frater⁹²)
651 2241 723 2283 cum
761 2217 943 2302 quindecim
980 2218 1163 2302 elephantis
1196 2217 1469 2302 barbarorumque
1501 2217 1624 2304 viginti

311 2315 458 2380 millibus
486 2317 667 2403 confugisse
699 2317 874 2380 dicebatur.
920 2320 1018 2400 atque
1041 2315 1111 2400 ipse
1135 2316 1281 2380 celeriter
1304 2316 1396 2380 duxit
1419 2315 1548 2382 levioris
1571 2338 1624 2379 ar·
1731 2369 1732 2392 ,

311 2418 456 2477 maturae
471 2414 599 2500 milites,
614 2437 686 2480 cum
699 2413 824 2479 Coenus
839 2414 1018 2501 graviorem
1033 2413 1167 2478 modicis
1182 2414 1353 2479 itineribus
1366 2411 1623 2500 promoveret.⁹³)

312 2531 447 2595 cumque
478 2511 517 2575 ad
540 2513 656 2577 urbem
678 2510 861 2600 Dyrtam94)
885 2511 1009 2577 veniret
1032 2512 1074 2576 ab
1098 2511 1213 2576 incolis
1237 2512 1395 2576 desertam
1418 2513 1563 2597 repperit
1588 2517 1625 2575 81

401 2691 445 2758 88)
466 2687 500 2742 de
518 2687 614 2758 legato
633 2691 731 2743 tacent
749 2691 777 2742 et
791 2689 930 2743 Diodorus
949 2689 978 2742 et
991 2687 1111 2742 Curtius.
1139 2687 1224 2742 immo
1238 2686 1377 2757 posterior
1389 2689 1486 2741 narrat
1499 2686 1624 2740 Alexan-

312 2758 392 2812 drum
416 2758 529 2828 incepto
554 2760 688 2814 desistere
711 2759 844 2814 statuisse
868 2759 972 2830 quippe
995 2758 1074 2812 nulla
1093 2775 1156 2828 spes
1175 2758 1330 2828 potiundae
1349 2761 1446 2828 petrae
1466 2757 1623 2828 offerretur,

311 2829 608 2955 gpfl⁰i⁶ss²,iam⁹¹¹.,i¹¹
631 2831 777 2913 obsidione
800 2830 1005 2902 perseverantis
1025 2829 1188 2884 ostendisse.
1225 2829 1273 2884 vix
1292 2829 1369 2884 credi
1387 2831 1482 2900 potest
1498 2829 1623 2884 Alexan-

330 2919 392 2954 rum
424 2917 468 2955 ae
487 2919 565 2956 881181
577 2921 635 2956 18111
654 2919 685 2957 oe
705 2920 768 2958 1888.

400 2975 445 3043 89)
464 2973 498 3028 cf.
519 2972 593 3028 Curt.
613 2922 749 3043 VIILPH,
764 2981 806 3028 22.
833 2992 890 3029 non
909 2973 991 3028 video
1011 2991 1060 3027 cur
1073 2971 1186 3027 'nomini
1205 2971 1316 3027 Balacri
1334 2973 1419 3027 fidem
1437 2973 1622 3044 denegemus;

312 3043 395 3097 aliter
412 3044 550 3098 iudicavit
568 3045 666 3100 Lenius
684 3065 711 3116 p.
727 3052 769 3100 90.
1519 3085 1522 3092 ι

401 3119 446 3186 90)
466 3133 558 3170 arcem
578 3119 663 3172 antea
681 3121 732 3172 aut
750 3117 898 3172 castellum
917 3119 968 3172 aut
985 3117 1084 3171 urbem
1103 3115 1132 3170 in
1150 3118 1232 3185 petra
1245 3115 1332 3170 fuisse
1346 3132 1486 3186 nusquam
1498 3114 1623 3170 traditur
1731 3143 1732 3154 .

312 3187 348 3240 ab
368 3187 486 3241 Arriano
506 3187 603 3243 OurtIo
622 3189 751 3244 Diodoro.
780 3206 871 3258 neque
890 3188 1039 3258 adipsum
1058 3188 1206 3242 Charetem
1223 3187 1371 3242 referenda
1387 3187 1518 3241 videntur
1535 3187 1622 3240 verba

311 3258 393 3312 hacc:
418 3267 471 3328 τῆς
488 3263 650 3328 πολιορκίας
668 3269 716 3330 τῆς
736 3261 765 3314 ἐν
782 3259 880 3322 Ἰνδοῖς
898 3259 1026 3322 πόλεως
1044 3259 1166 3327 Πέτρας,
1187 3259 1236 3312 sed
1256 3260 1292 3312 ad
1310 3259 1495 3312 Athenaeum.
1526 3261 1621 3312 errant

311 3329 400 3399 igitur
418 3329 467 3398 qui
485 3331 557 3384 talia
575 3332 700 3386 referunt
718 3331 904 3385 recentiorum
923 3331 1090 3396 criticorum,
1111 3334 1143 3384 ut
1161 3330 1287 3399 Droysen
1307 3333 1335 3384 et
1353 3330 1516 3401 Hertaberg.

401 3404 445 3472 91)
466 3401 631 3457 Sisicostnm
653 3403 782 3458 nominat
800 3402 911 3458 Curtius
930 3403 1004 3473 VIII,
1025 3409 1067 3472 11,
1082 3407 1129 3469 253
1153 3402 1273 3456 tradidit
1291 3418 1373 3472 porro
1392 3404 1490 3471 (utque
1509 3401 1621 3454 videtur

311 3475 394 3542 recte,
415 3473 439 3526 si
459 3473 493 3528 de
511 3473 638 3543 proximo
657 3477 783 3544 tempore
801 3474 993 3544 intellegenda
1012 3477 1100 3544 sunt):
1125 3473 1212 3528 etiam
1230 3472 1374 3542 regionem
1387 3472 1510 3528 1181118111
1523 3474 1619 3542 petrae

311 3543 354 3597 illi
374 3544 536 3598 adiunctam
555 3562 615 3600 esse
635 3546 670 3600 ab
689 3546 857 3601 Alexandro.
984 3601 985 3604 ,

401 3619 445 3686 92)
465 3617 499 3670 cf.
519 3617 579 3671 Arr.
594 3618 641 3686 IV,
662 3623 704 3687 30,
719 3623 743 3673 5.
781 3617 892 3672 Curtius
912 3616 984 3685 VIII,
1005 3622 1076 3686 12,1
1098 3619 1127 3669 81
1146 3615 1226 3670 Diod.
1242 3615 1326 3682 XVII,
1346 3620 1389 3683 86,
1405 3621 1420 3668 2
1439 3614 1495 3668 11181
1518 3631 1618 3668 nomen

312 3687 398 3756 (quod
417 3687 513 3742 omisit
530 3689 675 3759 Arrianus)
695 3689 736 3742 nil
750 3705 841 3759 paene
855 3691 1044 3753 servaverunt,
1063 3687 1138 3756 quod
1153 3688 1229 3756 apud
1244 3686 1356 3741 Curtius
1370 3686 1464 3740 Erices
1478 3685 1522 3740 181
1536 3686 1618 3754 Eryx,

313 3759 389 3827 apud
417 3758 572 3814 Diodorum
595 3761 734 3830 Aphrilres
762 3764 812 3816 est.
854 3763 949 3814 utrum
975 3759 1079 3814 rectius
1107 3759 1238 3812 tradatur
1263 3757 1411 3812 nescimus,
1452 3757 1543 3827 possit
1569 3775 1617 3826 pro

309 3828 438 3899 Ἀφρίκης
457 3831 542 3885 scribi
562 3832 636 3900 apud
655 3832 809 3886 Diodorum
827 3831 947 3901 Αίρίκης.

401 3904 445 3970 99)
465 3901 507 3955 118
518 3902 628 3956 Curtius
643 3903 754 3957 rettulit
763 3903 836 3973 VIII,
852 3910 893 3972 12,
909 3909 932 3958 1.
962 3903 1037 3972 quod
1052 3901 1153 3956 deinde
1167 3899 1292 3954 narravit
1304 3899 1400 3954 hostes
1415 3901 1451 3955 ab
1466 3899 1618 3953 Alexandri

312 3971 451 4026 militibus
471 3973 635 4028 deturbatos
655 3991 715 4028 8888
734 3992 790 4029 11811
809 3974 939 4044 congruit
957 3991 1021 4028 cum
1039 3973 1166 4027 Arriano.
1204 3971 1267 4025 vide
1287 3971 1373 4025 etiam
1391 3972 1452 4025 Lea.
1472 3990 1499 4041 p.
1515 3977 1556 4025 91.

402 4056 447 4123 94)
467 4052 553 4108 Court
575 4053 604 4107 111
623 4054 718 4110 Journ.
744 4055 775 4108 of
795 4055 844 4109 the
862 4053 952 4108 Asiat.
973 4053 1032 4108 Soc.
1053 4053 1084 4107 of
1102 4053 1187 4122 Beng.
1207 4051 1280 4120 VIII,
1299 4070 1326 4121 p.
1342 4057 1392 4104 309
1418 4051 1536 4105 eandem
1560 4067 1617 4104 esse

312 4125 410 4178 urbem
453 4124 545 4178 utavit
568 4141 641 4194 quae
664 4125 748 4180 hodie
767 4126 845 4194 Dhyr
863 4128 991 4193 vocatur,
1016 4125 1071 4178 sita
1090 4124 1127 4178 ad
1145 4124 1234 4176 rivum
1253 4124 1394 4192 quendam
1412 4122 1461 4192 qui
1479 4121 1509 4175 in
1528 4122 1618 4192 Pang-
1653 4134 1667 4154 ·

312 4197 382 4250 kora
400 4143 501 4250 11111111.
534 4197 723 4266 probaverunt
736 4197 840 4251 Lassen
855 4197 881 4250 II
894 4215 921 4266 p.
938 4201 988 4249 110
1008 4195 1071 4249 adn.
1093 4201 1116 4250 1.
1145 4194 1270 4263 Droysen
1284 4194 1302 4250 1,
1317 4194 1336 4249 1.
1350 4195 1376 4247 H
1393 4213 1420 4264 p.
1437 4200 1492 4275 121,
1510 4195 1573 4274 adn.
1589 4199 1617 4275 1,

313 4267 371 4322 alii.
408 4270 504 4322 tamen
529 4268 586 4322 Iam
609 4267 728 4335 Wilson,
753 4267 858 4322 Ariana
876 4267 971 4337 Antiq.
990 4285 1016 4336 p.
1034 4273 1084 4320 192
1103 4269 1180 4321 18818
1199 4265 1410 4320 animadvertit:
1441 4266 1508 4318 ‘th1s
1523 4267 1580 4333 orty
1593 4282 1617 4317 18

312 4342 360 4393 188
384 4342 491 4394 remote
513 4338 586 4393 from
608 4340 656 4393 1118
675 4339 781 4394 Indus'.
818 4339 910 4393 fateor
932 4355 977 4392 me
995 4338 1103 4392 nescire
1121 4337 1171 4392 ubi
1194 4337 1261 4392 urbs
1279 4337 1369 4406 Dyrta
1388 4336 1503 4390 88118118
1521 4335 1615 4389 fuerit:

313 4410 343 4464 in
361 4411 521 4465 universum
539 4413 634 4465 tamen
653 4411 773 4465 fortasse
791 4413 867 4465 recte
886 4409 1106 4464 confirmaverim
1125 4425 1188 4464 88111
1206 4409 1323 4478 reperiri
1337 4424 1418 4478 posse
1432 4407 1462 4460 in
1476 4407 1615 4462 montibus

313 4482 406 4537 Buner
429 4482 511 4536 vallis
539 4481 806 4551 septentrionalibus
826 4483 863 4536 ad
881 4482 981 4535 Indum
999 4480 1206 4550 pertinentibus
1225 4497 1311 4550 prope
1332 4478 1504 4532 Schalbandi
1522 4479 1616 4532 urbem

312 4553 494 4621 nostratium,
522 4569 641 4622 cumque
663 4553 729 4607 inde
752 4553 811 4608 iam
834 4554 871 4608 ad
893 4553 993 4606 Indum
1016 4553 1140 4607 venisset
1161 4568 1249 4622 prope
1274 4552 1373 4605 urbem
1396 4548 1615 4604 Mudschahedin

314 4625 423 4678 audivit
449 4626 533 4678 indos
552 4625 686 4680 transisse
709 4628 788 4680 trans
807 4625 906 4678 Indum
926 4625 963 4678 ad
980 4624 1149 4678 Abhisarem
1167 4640 1262 4704 regem
1277 4622 1385 4694 Uraeae
1402 4621 1527 4692 (Uarsae)
1546 4619 1615 4690 regi-

314 4696 375 4749 onis
398 4697 482 4751 hodie
501 4697 611 4752 Hasara
632 4696 803 4752 nominatae.
840 4695 943 4752 nostris
963 4712 1074 4764 quoque
1092 4695 1266 4765 temporrbus
1284 4693 1342 4746 illis
1366 4693 1436 4747 Iocis
1455 4692 1500 4746 via
1519 4693 1615 4746 Bacur-
