3496 5308
852 313 1071 378 ..42-

307 493 349 558 ad
372 494 463 558 fluvii
485 493 589 576 ripam
612 493 793 557 citeriorem
817 513 855 556 eo
878 492 950 558 1000
973 492 1031 556 ubi
1058 493 1179 557 flumen
1207 491 1380 556 transitum
1408 491 1517 574 dabat,
1547 512 1631 555 cum

308 593 342 656 in
374 592 526 655 ulteriore
558 590 661 654 Porus
698 593 881 655 cerneretur
917 611 989 654 oum
1022 595 1092 656 toto
1125 591 1266 655 exercitu
1304 594 1336 654 et
1375 590 1630 674 elephantorum

307 691 443 776 agmine.
490 690 546 773 qui
574 691 629 753 vix
652 687 872 752 Alexandrum
903 693 1007 753 castra
1030 690 1206 753 munivisse
1234 689 1417 773 conspexit,
1445 709 1518 752 cum
1551 689 1630 772 ipse

308 788 419 851 eodem
447 789 519 852 loco
547 789 582 852 in
611 810 668 851 sua
695 787 767 871 ripa
795 787 949 851 consedit.
996 787 1155 870 praesidia
1184 791 1290 850 tamen
1316 787 1356 850 ad
1378 786 1518 868 reliquas
1542 809 1629 870 quo-

309 907 370 968 que
403 887 506 950 amnis
539 890 646 970 partes
674 886 777 968 misit,
804 885 861 949 ubi
887 885 1014 950 facilius
1041 886 1134 950 traici
1158 889 1292 969 poterat.
1340 885 1457 968 quibus
1481 885 1629 969 cognitis

307 982 490 1048 Alexander
518 989 550 1048 et
577 985 645 1068 ipse
674 985 793 1048 milites
820 985 855 1048 in
882 988 989 1067 partes
1016 984 1105 1067 ripae
1133 985 1213 1048 alios
1237 984 1316 1048 alias
1340 983 1479 1066 diduxit,
1501 984 1628 1066 partim

261 1157 263 1162 ¹
309 1083 484 1147 secundum
516 1081 703 1166 Hydaspem
737 1104 925 1167 progressus
957 1082 1038 1146 vada
1069 1082 1273 1165 inspecturus
1305 1082 1422 1165 partim
1455 1082 1628 1166 regionem

308 1182 451 1244 nondum
476 1181 643 1244 subactam
667 1181 851 1246 interiorem
875 1181 910 1244 in
933 1183 1093 1264 postatem
1124 1180 1318 1244 redacturus.
1365 1180 1420 1244 sed
1444 1201 1507 1262 quo
1531 1180 1629 1262 ripae

308 1276 493 1342 Alexander
524 1278 688 1362 movebat,
716 1279 828 1344 eodem
851 1277 955 1342 Poma
982 1279 1071 1362 ripae
1099 1279 1260 1342 ulterioris
1291 1277 1491 1361 sequebatur.
1536 1278 1628 1340 levia

309 1399 438 1459 quoque
470 1377 593 1460 proelia
621 1378 656 1440 in
682 1378 797 1442 insulis
825 1377 932 1460 parvis
962 1377 1068 1440 medio
1092 1377 1127 1440 in
1149 1398 1242 1440 amne
1267 1377 1336 1440 sitis
1359 1377 1444 1439 inter
1466 1379 1628 1458 utrosque

309 1475 574 1539 conserebantur:
602 1475 698 1539 modo
722 1473 913 1540 Macedones
937 1475 1084 1557 victores,
1107 1474 1203 1538 modo
1226 1470 1361 1560 ludim)
1407 1474 1471 1536 iam
1495 1495 1551 1536 rex
1575 1495 1629 1536 se-

309 1595 421 1638 curum
448 1573 578 1637 reddere
602 1575 707 1638 voluit
729 1573 857 1637 Porum.
905 1577 936 1637 01
964 1593 1029 1655 quo
1058 1573 1174 1636 certior
1196 1573 1251 1635 1110
1274 1572 1366 1635 fieret
1388 1569 1629 1634 Alexandrum-

310 1693 372 1754 que
404 1672 439 1736 in
465 1671 629 1756 Hydaspis
661 1673 732 1756 ripa
764 1673 911 1736 citeriore
939 1672 1021 1734 velle
1049 1671 1168 1734 morari
1195 1670 1383 1752 confideret,
1412 1669 1488 1732 dum
1515 1669 1628 1732 hieme

309 1769 426 1833 fluvius
449 1792 516 1833 non
540 1771 605 1833 iam
629 1771 674 1834 ita
697 1771 762 1834 late
785 1770 877 1834 fusus
900 1769 1087 1834 transeundi
1110 1769 1236 1852 copiam
1261 1767 1350 1831 daret
1372 1768 1452 1832 locis
1476 1767 1629 1850 pluribus

309 1869 477 1952 maiorem,
508 1869 707 1933 frumentum
736 1872 893 1952 quantum
921 1869 1029 1951 potuit
1056 1866 1255 1930 intuentibus
1279 1863 1367 1928 indis
1391 1866 1515 1930 curavit
1538 1886 1629 1929 com—

309 1967 486 2050 parandum
510 1967 607 2049 inque
632 1971 735 2031 castra
759 1966 1006 2050 congerendum.
1044 1966 1157 2028 eodem
1177 1969 1286 2028 tamen
1305 1967 1450 2056 tempore
1469 1965 1503 2027 in
1521 1965 1626 2027 alium

309 2065 372 2128 alia
395 2066 503 2128 locum
527 2069 619 2129 vecta
642 2066 771 2150 navigia
794 2069 827 2128 et
849 2068 937 2127 utres
961 2064 1145 2127 stramentis
1168 2063 1278 2126 referti
1301 2065 1333 2125 01
1355 2062 1390 2126 in
1408 2063 1479 2145 ripa
1498 2063 1627 2144 equites

309 2162 497 2245 peditesque
528 2161 582 2226 hic
615 2164 683 2227 11110
715 2163 922 2227 consedentes
955 2161 1174 2226 sollicitabant
1205 2160 1334 2224 Porum.
1389 2161 1435 2224 111
1467 2161 1626 2243 temporis

310 2262 414 2344 spatio
447 2262 613 2344 aliquanto
645 2262 765 2324 frustra
797 2263 990 2342 consumpto
1018 2260 1082 2322 iam
1111 2259 1188 2322 novi
1215 2258 1338 2340 aliquid
1365 2255 1548 2321 Alexander
1574 2259 1624 2321 in-

312 2359 431 2421 stituit:
469 2359 609 2443 ingentis
636 2357 790 2422 Indorum
823 2358 981 2422 exercitus
1009 2357 1049 2421 ad
1077 2379 1219 2442 pugnam
1249 2356 1330 2420 bene
1353 2357 1502 2420 instructi
1524 2357 1626 2439 inspi-

312 2457 426 2520 cientis
462 2457 620 2539 impetum
657 2457 692 2520 in
727 2457 911 2521 traicientes
947 2457 1068 2519 veritus
1105 2456 1202 2536 inque
1240 2455 1351 2538 primis
1384 2476 1424 2517 ne
1456 2455 1510 2517 vix
1547 2456 1626 2536 equi

310 2554 552 2618 occurrentibus
577 2553 755 2638 elephantis
779 2555 890 2617 multis
919 2557 950 2616 et
978 2554 1131 2636 adspectu
1155 2556 1186 2616 et
1209 2553 1348 2615 clamore
1371 2552 1564 2615 terrentibus
1590 2555 1626 2616 in

309 2653 413 2734 ripam
441 2652 626 2715 ulteriorem
655 2674 694 2716 ex
721 2652 854 2715 flumine
886 2652 1100 2734 escenderent,
1122 2650 1308 2714 Ptolemaeo
1318 2648 1369 2736 ¹³⁰)
1394 2651 1473 2714 duce
1497 2652 1625 2732 equites

311 2751 351 2813 ad
375 2751 548 2813 maximam
572 2754 696 2833 partem
715 2748 780 2814 huc
798 2751 876 2814 illuc
894 2751 928 2813 in
947 2751 1050 2833 ripam
1070 2749 1217 2813 diductos
1236 2749 1329 2812 iussit
1348 2749 1485 2812 clamare
1505 2753 1625 2812 cetera-

309 2951 344 3005 τὰ
363 2953 447 3004 πλοῖα
467 2995 471 3005 .
489 2995 515 3005 ..
537 2951 707 3020 ξυντεμόντα
725 2951 830 3006 κελεύει
849 2948 945 3020 φέρειν
964 2950 1017 3006 avt.
1055 2967 1122 3004 nam
1141 2948 1302 3018 ξυντέμνειν
1322 2951 1375 3003 hoc
1397 2950 1459 3004 loco
1486 2950 1558 3004 nihil
1578 2955 1625 3006 est

310 3023 365 3075 nisi
385 3023 535 3077 dissolvere
559 3023 589 3075 in
612 3040 676 3077 suas
699 3026 802 3092 partes.
841 3039 928 3091 quare
954 3039 1060 3076 errasse
1078 3025 1147 3091 puto
1166 3021 1353 3089 Droysenium
1371 3022 1441 3075 haec
1460 3025 1626 3076 narrantem

310 3094 343 3161 ΙΙ,
360 3100 423 3147 226;
445 3095 502 3164 ‘cai
521 3095 584 3164 11010
603 3094 734 3165 1100101111
752 3094 839 3163 100110
858 3095 1001 3163 ateriae
1019 3093 1105 3163 101000
1124 3093 1267 3163 &antequa
1285 3091 1388 3148 1101001
1408 3094 1509 3149 00100
1528 3093 1626 3161 Sabus

311 3165 395 3236 partit
418 3166 467 3221 mit
491 3167 547 3222 tem
566 3165 670 3236 1101011,
694 3167 734 3222 110
753 3165 901 3236 &straunge
920 3163 1485 3235 10061000101101100100110011000
1504 3166 1556 3221 001
1576 3168 1626 3236 0οῙ

310 3237 409 3306 itaqua
428 3237 557 3361 001011ῴὲ
574 3236 661 3307 letacii
680 3253 714 3293 00
733 3237 927 3307 100101011οὀ
946 3237 1055 3307 1010000
1073 3251 1105 3306 pt
1126 3235 1223 3306 toties)
1262 3235 1338 3288 idem
1356 3236 1498 3289 tradidere
1517 3237 1626 3290 Lassen

311 3308 337 3360 Π
356 3326 383 3377 p.
400 3314 450 3362 155
480 3311 509 3362 et
559 3308 687 3378 ertzberg
704 3308 731 3360 Π
753 3327 779 3378 p.
796 3313 855 3361 243.
894 3310 968 3362 certe
992 3308 1015 3362 si
1038 3307 1197 3361 Alexander
1220 3324 1276 3361 non
1300 3307 1390 3360 solum
1413 3307 1513 3361 Taxila
1540 3311 1626 3376 quasi

310 3379 401 3433 Dareo
430 3380 498 3433 olim
526 3379 671 3434 subditum
698 3397 816 3449 regnum
843 3379 892 3433 sed
914 3382 1005 3433 totam
1028 3379 1149 3445 Indiam,
1178 3396 1242 3432 cum
1265 3379 1472 3448 expeditionem
1495 3379 1626 3434 Indicam
1736 3401 1737 3406 ¹

311 3451 430 3516 subiret,
460 3468 527 3506 suae
556 3451 674 3505 dicionis
702 3451 795 3504 facere
818 3451 848 3504 in
871 3451 965 3504 animo
989 3451 1126 3518 habebat,
1150 3450 1388 3519 Hephaestionem
1411 3453 1440 3504 et
1458 3451 1626 3505 Perdiccam

310 3522 461 3576 verisimile
481 3526 523 3577 est
542 3523 631 3576 iussos
651 3539 711 3576 esse
729 3539 814 3576 naves
834 3522 874 3575 sic
893 3523 1008 3592 iungere
1026 3525 1059 3576 ut
1077 3521 1162 3575 facile
1181 3521 1296 3575 dissolvi
1314 3525 1436 3590 possent.
1470 3522 1554 3576 fidem
1568 3523 1625 3591 igi-

311 3596 357 3646 tur
376 3593 466 3648 habeo
485 3595 620 3648 hocloco
640 3593 743 3660 Curtio,
762 3594 929 3663 praesertim
948 3611 1012 3647 cum
1030 3611 1086 3647 non
1104 3595 1213 3663 pugnet
1232 3610 1295 3646 cum
1314 3593 1440 3646 Arriano.

401 3669 462 3736 129)
487 3666 522 3720 ef.
542 3665 670 3719 Curtium
688 3665 854 3732 11111112
878 3665 927 3734 qui
950 3665 991 3718 ibi
1010 3664 1209 3734 Symmachum
1236 3667 1265 3719 01
1282 3664 1452 3718 Nicanorem
1470 3664 1625 3720 fortissime

310 3735 408 3790 ambos
426 3740 585 3808 pugnantes
605 3737 717 3790 addidit
736 3736 878 3790 cecidisse.

402 3811 463 3878 130)
487 3809 557 3862 haec
576 3807 673 3861 Curtio
691 3807 775 3876 (VIII,
791 3813 868 3875 13,18
879 3809 931 3878 sq.)
956 3808 1031 3861 credi
1056 3810 1181 3876 possunt.
1220 3807 1324 3861 erravit
1341 3810 1437 3861 tamen
1456 3807 1486 3860 in
1505 3825 1623 3876 sequeu-

310 3879 386 3932 tibus
407 3897 470 3932 cum
488 3883 596 3934 taceret
615 3881 650 3933 de
669 3877 782 3933 Cratero
802 3896 866 3933 cum
884 3879 990 3933 maiore
1008 3882 1090 3948 parte
1109 3879 1246 3932 exercitus
1265 3879 1372 3946 relicto,
1393 3879 1554 3948 diceretque
1574 3886 1622 3934 23:

312 3950 372 4019 ‘qui
401 3968 464 4004 cum
487 3951 648 4005 Ptolemaeo
677 3950 838 4005 inferiorem
861 3951 1031 4005 obsederunt
1053 3951 1156 4019 ripam’
1178 3953 1207 4004 et
1226 3956 1258 4003 21
1280 3950 1397 4019 ‘quippe
1423 3951 1516 4004 adhuc
1534 3950 1623 4006 Porus

310 4021 503 4076 Ptolemaeum
522 4025 634 4076 tantum
652 4022 854 4076 intuebantur'.
892 4026 925 4076 ut
942 4025 1018 4076 recte
1037 4022 1135 4075 Lenius
1154 4041 1180 4091 p.
1198 4027 1230 4075 98
1251 4022 1404 4088 contendit,
1419 4023 1553 4076 Arrianus
1572 4024 1624 4092 qui

312 4093 346 4146 de
366 4093 478 4147 Cratero
502 4095 614 4148 rettulit
637 4111 671 4148 ex
692 4094 853 4147 Ptolemaeo
877 4095 936 4148 sine
960 4093 1046 4146 dubio
1070 4094 1201 4148 hauriens
1233 4094 1307 4146 certe
1330 4093 1523 4148 Ptolemaeum
1547 4111 1622 4148 com-

311 4168 501 4232 memorasset,
530 4166 579 4234 qui
606 4166 636 4218 in
664 4165 847 4219 describenda
876 4181 926 4218 sua
948 4165 1052 4218 virtute
1079 4183 1233 4234 numquam
1262 4165 1316 4218 sibi
1338 4165 1467 4218 videatur
1490 4164 1621 4221 defixisse.

310 4253 401 4303 neque
429 4236 482 4290 hoc
509 4237 709 4304 omittendum,
738 4237 857 4290 eundem
880 4236 1007 4290 Curtium
1025 4235 1195 4304 VHI,14‚15
1219 4236 1289 4290 haec
1312 4237 1453 4290 dicentem
1478 4237 1622 4292 induxisse

311 4307 514 4360 Alexandrum:
536 4309 612 4362 ‘cum
631 4325 683 4378 ego
704 4351 754 4362 ...
774 4307 971 4361 Ptolemaeo
990 4307 1180 4375 Perdiccaque
1200 4311 1228 4362 et
1242 4308 1451 4376 Hephaestione
1470 4308 1622 4364 comitatus

311 4381 341 4431 in
360 4379 471 4432 laevum
491 4397 576 4433 cornu
595 4381 733 4449 impetum
751 4379 864 4433 fecero’.
901 4379 976 4432 unde
995 4383 1115 4448 apparet
1132 4381 1269 4448 primum:
1289 4379 1482 4433 Ptolemaeum
1501 4381 1537 4434 ab
1556 4381 1622 4436 Ale-

310 4449 417 4503 xandro
445 4450 575 4504 relictum
603 4469 659 4504 non
687 4468 747 4505 esse
775 4451 804 4503 in
833 4451 948 4504 dextera
970 4451 1045 4519 ripa,
1069 4453 1130 4504 tum
1154 4469 1187 4506 ex
1210 4451 1327 4505 diversis
1350 4451 1475 4504 fontibus
1494 4452 1623 4508 hausisse

312 4520 438 4574 Curtium
466 4522 495 4574 in
523 4539 619 4592 pugna
641 4522 706 4576 Pori
730 4522 894 4576 enarranda.
932 4539 998 4576 nam
1021 4522 1056 4576 de
1080 4523 1169 4578 altero
1188 4523 1349 4577 Ptolemaeo
1376 4523 1495 4592 cogitari
1514 4525 1621 4592 nequit.

311 4592 416 4646 Lassen
434 4592 459 4644 H
477 4611 504 4662 p.
521 4599 570 4647 157
592 4593 681 4648 Curtii
703 4597 736 4647 ut
754 4593 865 4648 videtur
888 4594 987 4647 nuntio
1010 4593 1082 4647 falso
1105 4595 1187 4648 nixus
1206 4595 1399 4649 Ptolemaeum
1425 4611 1489 4648 cum
1508 4593 1623 4652 Cratero

311 4663 347 4716 ab
362 4663 521 4718 Alexandro
541 4667 570 4718 in
590 4667 704 4720 dextera
719 4665 861 4734 Hydaspis
879 4665 942 4734 ripa
960 4665 1091 4735 relictum
1110 4683 1170 4720 esse
1190 4666 1294 4720 scribit.
1327 4666 1391 4719 vide
1406 4667 1493 4720 etiam
1507 4667 1624 4724 Leziurn

311 4753 337 4804 p.
360 4740 417 4788 100.
1061 4763 1071 4796 ι
