3496 5308
706 294 904 394 ..34

152 495 233 558 bene
261 494 368 578 ipsum
396 492 588 577 recipientes
616 514 690 556 suae
719 490 853 556 dicionis
880 491 1012 574 fecerat3
1046 511 1182 574 quorum
1212 489 1245 553 in
1274 485 1394 554 finibus
1422 490 1454 554 et

36 619 38 624 ’
152 591 378 656 Alexandriam
402 591 515 656 urbem
538 591 573 654 in
595 589 675 674 ipsis
696 587 872 676 caucasiffl)
897 589 1017 653 montis
1039 587 1200 652 radicibus
1221 586 1456 676 condideratss),

119 860 121 866 ,
152 807 181 858 et
198 805 233 858 de
251 807 347 858 monte
366 805 395 858 et
413 803 448 856 de
466 804 551 873 gente
570 801 659 857 11111111
677 799 816 854 Diodorus
834 799 920 866 XVII,
938 804 998 867 823
1019 817 1059 868 sq.
1080 799 1116 854 ab
1130 799 1249 854 Arriano
1263 799 1309 869 IV,
1325 805 1367 869 22,
1382 805 1399 853 4
1414 817 1453 868 sq.

150 875 387 944 Parapanisadae
411 873 591 944 appellantur
613 876 643 928 et
664 889 744 926 mons
767 870 964 942 Parapamisus
983 869 1017 940 V,
1038 877 1080 940 3,3
1104 870 1138 926 ef.
1158 871 1217 926 Ind.
1237 871 1270 940 II,
1290 877 1306 924 3
1326 889 1366 938 sq.
1386 871 1455 925 item

152 963 169 1000 a
196 946 291 1001 Curtio
320 946 379 1014 VH,
408 952 450 1015 3,6
479 963 519 1014 sq.
548 944 656 998 Plinius
683 943 717 998 N.
741 942 774 1002 Η.
804 945 833 997 et
860 941 994 997 Claudius
1021 942 1211 1012 Ptolemaeus,
1241 958 1314 1012 quae
1341 941 1456 996 nomina

152 1017 282 1086 equidem
299 1017 330 1071 in
347 1033 411 1072 mea
428 1015 590 1070 narratione
609 1014 744 1070 adhibere
764 1031 847 1068 ausus
867 1031 936 1080 sum,
962 1013 1166 1084 Paropanisum
1184 1017 1213 1068 et
1230 1013 1455 1083 Paropanisadae

151 1092 289 1144 noverunt
306 1088 423 1156 rectius3
446 1087 510 1142 vide
533 1085 661 1141 Lassenii
684 1086 750 1154 Sub.
771 1085 937 1142 attenuari.
956 1084 1009 1139 vol.
1028 1085 1042 1138 Ι
1059 1103 1086 1155 p.
1107 1091 1140 1138 27
1161 1085 1224 1138 adn.
1245 1091 1259 1137 1
1279 1085 1325 1138 fin.
1346 1085 1392 1155 (ed
1410 1084 1453 1154 Π).
1492 1141 1494 1146 ,

152 1164 181 1214 et
199 1159 348 1231 Droysenii
367 1159 449 1229 Calda
470 1161 492 1215 1.
512 1159 690 1228 {retentemus
710 1157 736 1210 II
753 1175 780 1227 p.
797 1162 829 1209 12
850 1157 913 1210 adn.
935 1163 958 1212 1.
996 1159 1120 1211 ceterum
1134 1155 1357 1226 Paropanisadae
1372 1156 1455 1209 Indos

150 1249 208 1286 non
227 1248 288 1286 esse
306 1231 507 1286 Eratosthenes
526 1229 584 1283 iam
603 1229 675 1282 dixit
693 1227 811 1282 Arriano
830 1230 903 1282 teste
921 1227 955 1298 V,
975 1233 1025 1296 3,3.
1063 1228 1098 1283 cf.
1113 1229 1218 1282 Lassen
1232 1227 1245 1280 I
1258 1246 1285 1297 p.
1300 1233 1360 1282 421.
1393 1227 1456 1280 Indi

151 1304 264 1358 demum
281 1302 357 1356 infra
374 1301 489 1356 Kh0nar
506 1300 536 1354 in
554 1299 648 1354 KabuI
666 1299 830 1354 influentem
846 1299 986 1354 habitant.

242 1386 286 1452 12)
305 1382 445 1437 Caucasus
463 1397 542 1435 mons
557 1379 759 1435 Macedonibus
777 1379 801 1433 is
821 1381 889 1446 erat,
909 1379 958 1448 qui
977 1379 1013 1433 ab
1029 1379 1128 1433 incolis
1142 1379 1246 1449 partim
1260 1377 1456 1448 Paropanisus,

151 1455 289 1521 Emodus,
314 1455 421 1522 11111111,
446 1453 565 1522 (duobus
589 1451 633 1505 his
658 1451 771 1521 proprie
796 1449 890 1505 vocari
915 1451 1045 1505 solebant
1070 1450 1222 1520 Himalaya
1246 1453 1366 1519 montes)
1393 1449 1456 1504 aliis

151 1525 256 1596 partim
282 1524 442 1579 nominibus
469 1525 630 1593 vocabatur,
659 1523 694 1578 cf.
723 1522 814 1576 Strab.
843 1521 894 1576 XV
921 1541 948 1591 p.
978 1527 1029 1576 689
1056 1521 1127 1576 Plin.
1152 1522 1186 1576 N.
1210 1521 1244 1575 H.
1273 1521 1326 1591 VI,
1352 1525 1455 1575 1118.

152 1596 261 1650 Arrian.
281 1596 314 1665 V,
334 1603 382 1664 3,3
401 1595 617 1650 Eratosthenem
642 1594 712 1649 facit
737 1593 890 1663 dicentem,
915 1593 1084 1648 Macedones
1107 1593 1311 1662 Paropanisum
1333 1594 1458 1647 montem

153 1669 307 1722 Caucasum
324 1666 495 1734 nominasse;
514 1665 684 1720 Hindnkush
698 1665 774 1735 (koh)
789 1665 873 1719 hodie
888 1664 1055 1734 appellatur.
1089 1681 1161 1733 quae
1176 1681 1276 1718 caussa
1290 1664 1456 1717 Macedones

153 1739 346 1793 commovisset
364 1741 396 1792 ut
414 1738 456 1792 ita
473 1737 653 1819 nominarent
671 1735 798 1818 exposuit
815 1737 920 1791 Lassen
937 1737 950 1789 I
968 1755 994 1806 p.
1018 1741 1050 1788 27
1071 1737 1134 1790 adn.
1155 1742 1183 1804 13
1205 1735 1369 1789 invenerant
1383 1734 1458 1788 enim

152 1826 425 1936 111111111ῗέ11
449 1809 593 1934 MAI
606 1807 1038 1948 lieddanadffliaffltttl
1059 1806 1458 1946 1131311333

155 1952 306 2018 ξυνθέντας
331 1952 411 2022 (Erat
432 1952 450 2006 I.
469 1952 487 2006 1,
506 1971 533 2022 p.
554 1954 590 2021 3,)
614 1951 672 2004 iam
698 1969 777 2006 mons
803 1949 944 2004 Caucasus
967 1953 1036 2003 erat.
1078 1949 1190 2003 Curtius
1214 1949 1278 2017 VII,
1303 1955 1336 2002 14
1358 1965 1457 2017 rupem

152 2041 333 2094 permagnam
348 2023 378 2076 in
391 2023 443 2076 illa
457 2023 571 2093 regione
581 2022 721 2078 exstitisse
731 2021 856 2076 narravit
864 2024 988 2076 tantum:
1005 2023 1035 2075 X
1048 2023 1080 2074 a'a
1093 2022 1211 2075 circuitu
1224 2022 1317 2075 audie
1330 2021 1456 2090 complec-

153 2098 221 2150 titur
238 2097 351 2166 (rupea)
371 2101 501 2164 quattuor
523 2097 554 2148 κ’νν
577 2095 752 2149 altitudinem
774 2094 891 2159 accedit,
913 2094 946 2146 ia
968 2109 1024 2161 qua
1046 2094 1167 2146 uinctum
1190 2093 1350 2146 Pronwthea
1371 2091 1458 2158 fuisse

153 2168 349 2235 antiquatas
368 2167 485 2220 tradit.
522 2165 605 2218 huius
625 2182 736 2234 quoque
751 2167 848 2218 auctor
861 2163 988 2218 fabulam
1003 2162 1127 2231 aliquam
1145 2163 1219 2218 inter
1231 2162 1457 2232 Paropanisadae

151 2241 250 2292 notam
275 2237 405 2308 respexit.
449 2236 519 2306 quin
544 2236 682 2291 Diodorus
705 2236 790 2304 XVII,
814 2241 873 2305 83,1
900 2237 1013 2304 praeter
1037 2251 1135 2304 rupem
1161 2233 1191 2286 in
1215 2233 1308 2288 medio
1334 2233 1457 2288 Caucaso

155 2309 239 2363 sitam
258 2312 288 2362 et
306 2309 469 2378 speluncam
487 2308 516 2361 in
536 2325 582 2377 ea,
602 2307 714 2376 aquilae
732 2323 843 2376 quoque
861 2306 938 2360 illius
956 2305 1103 2360 fabulosae
1121 2304 1220 2358 nidum
1238 2309 1267 2360 et
1285 2304 1458 2358 vinculorum

155 2381 236 2450 signa
255 2381 291 2434 ab
310 2379 410 2434 incolis
429 2379 539 2434 ostendi
557 2379 683 2450 prodidIt
701 2378 859 2432 memoriae.
902 2377 1016 2447 Spiegel
1038 2377 1068 2430 in
1090 2375 1169 2430 libri:
1194 2377 1274 2434 Esau.
1299 2377 1457 2432 libertatus:

153 2453 231 2508 qubc
249 2452 275 2504 II
292 2470 319 2522 p.
340 2457 374 2505 54
402 2451 466 2504 adn.
496 2458 509 2504 1
536 2467 634 2519 rupem
660 2449 711 2504 ubi
738 2449 871 2520 spelunca
889 2448 1049 2502 Promethei
1077 2450 1106 2501 et
1132 2447 1244 2516 aquilae
1262 2447 1345 2500 nidus
1364 2446 1457 2515 fuerit,

154 2539 214 2577 esse
238 2522 366 2577 fortasse
382 2525 506 2577 montem
528 2525 624 2592 putat,
650 2521 680 2575 in
705 2538 760 2590 quo
784 2521 836 2574 ΙΖ31
860 2537 877 2574 a
902 2518 1066 2590 TImurghio
1090 2519 1225 2572 educatus
1250 2535 1309 2572 esse
1333 2518 1455 2572 dicatur:

153 2595 306 2649 secundum
331 2593 405 2649 enim
423 2593 582 2647 Eirdosium
605 2609 669 2646 eum
691 2592 722 2646 in
739 2591 837 2646 Indiae
860 2590 961 2644 finibus
981 2590 1039 2644 illis
1058 2607 1118 2644 esse
1142 2591 1340 2658 quaerendum.
1382 2592 1462 2660 certe

155 2665 260 2720 similes
279 2665 393 2719 fabulae
412 2663 621 2735 mythologicae
640 2663 699 2718 illic
717 2666 844 2734 repertae
863 2665 892 2718 et
905 2661 1025 2716 nominis
1041 2661 1195 2715 similitudo
1210 2661 1330 2715 multum
1344 2661 1458 2715 valebat

154 2737 190 2790 ad
214 2736 416 2791 nominandum
438 2739 564 2807 montem
587 2734 754 2790 Caucasum:
781 2751 847 2788 nam
869 2733 915 2787 via
934 2751 990 2802 qua
1008 2733 1168 2787 Alexander
1190 2732 1324 2786 transisse
1347 2731 1458 2786 videtur

154 2809 246 2862 adhuc
265 2807 387 2862 Chewalr
407 2839 439 2847 —
458 2807 502 2862 vel
521 2806 645 2861 Chawalr
670 2840 703 2846 —
733 2806 777 2860 vel
804 2805 973 2876 Chawlrpass
999 2803 1159 2858 nominatur
1185 2821 1218 2858 ex
1243 2804 1312 2858 urbe
1335 2802 1376 2857 ibi
1403 2803 1458 2856 sita

154 2878 199 2948 (of.
219 2895 292 2946 quae
310 2879 384 2932 infra
404 2878 545 2948 dixerim3)
569 2878 659 2932 altera
681 2895 746 2948 pars
765 2877 841 2932 vocis
860 2909 895 2919 -
914 2877 1012 2944 kasus,
1036 2875 1065 2928 in
1088 2875 1188 2946 lingua
1209 2875 1342 2930 Indorum
1363 2875 1456 2944 hasce,

153 2949 242 3032 etiarn
265 2949 295 3003 in
313 2949 399 3003 Plinii
421 2966 487 3004 voce
511 2949 644 3018 Scythica
666 2949 811 3004 Croucasis
835 2949 905 3030 (cod.
930 2949 955 3001 A
972 2947 1045 3001 Detl.
1071 2947 1105 3002 N.
1124 2946 1157 3002 H.
1177 2946 1223 3016 VI,
1243 2953 1290 3028 59:
1311 2946 1457 3027 Scythae

153 3021 878 3174 un..tatesretraetandum
896 3017 1458 3161 {lilith{tattiatlviatltlt}

154 3168 275 3234 (proprie
301 3167 395 3219 autem
421 3163 599 3236 inaestuabat
626 3164 761 3235 [Metapa]
788 3163 822 3218 cf.
841 3162 913 3218 Plin.
932 3162 950 3217 1.
970 3162 1002 3231 l.,
1028 3161 1109 3214 radix
1131 3159 1362 3231 indogermanica
1380 3160 1457 3212 Ira-s

154 3235 294 3306 significat
312 3235 482 3306 candidum.)
502 3252 563 3290 esse
580 3238 728 3289 monuerat
740 3235 798 3288 iam
816 3234 908 3288 RItter
926 3233 1002 3314 11Ῐὶ111
1019 3233 1059 3288 IV
1080 3251 1106 3302 p.
1127 3237 1187 3287 449.
1224 3231 1334 3286 incolae
1358 3232 1459 3294 horum

153 3307 291 3362 montium
309 3307 372 3361 nive
391 3307 575 3360 candidorum
594 3307 768 3362 vocabantur
785 3305 883 3378 Khaqa
901 3305 1002 3374 indree,
1022 3320 1108 3374 gaece
1126 3305 1239 3372 Κάσιον,
1264 3321 1319 3372 quo
1345 3301 1457 3356 nomine

92 3426 102 3438 .
153 3378 329 3433 Ptolemaeus
356 3395 450 3449 geogr.
470 3377 516 3446 VI,
537 3383 614 3446 15,16
641 3395 708 3431 usus
736 3380 779 3432 est
807 3377 894 3432 etiam
921 3375 951 3429 in
978 3374 1157 3429 nominandis
1184 3373 1327 3430 montibus
1347 3373 1457 3442 Sericis,

154 3467 217 3502 eum
239 3453 344 3504 terram
366 3453 477 3505 Κασίαν
506 3448 637 3520 appellet.
684 3448 792 3503 Plinius
821 3447 938 3502 Casiros
966 3446 1045 3502 novit
1072 3447 1201 3516 (fortasse
1228 3445 1331 3500 rectius
1359 3444 1456 3499 Casios

153 3519 232 3590 legas
250 3521 305 3575 nisi
324 3521 406 3575 malis
426 3520 579 3591 Caspiros),
598 3520 656 3574 iarn
674 3520 833 3574 Herodotus
857 3518 999 3588 Caspiros,
1023 3517 1149 3588 conferas
1167 3517 1329 3589 Kaqmiram
1353 3518 1457 3568 terram

155 3593 232 3644 trans
250 3592 351 3646 Indum
370 3592 454 3646 sitam
472 3591 634 3659 incolasque
653 3591 713 3646 eius
733 3594 761 3645 et
779 3591 892 3646 heroem
910 3589 1036 3643 indicum
1059 3590 1207 3658 (deorum
1231 3592 1264 3642 et
1287 3587 1458 3641 hominum

154 3665 298 3732 patrem,
318 3663 487 3738 Calruntala)
506 3663 667 3733 kasjapam,
686 3663 839 3730 urbemque
858 3663 1066 3731 Kaspapyrum,
1089 3660 1185 3714 videas
1208 3675 1291 3728 porro
1314 3657 1456 3728 regionem

156 3733 230 3787 circa
247 3734 362 3788 Khonar
380 3735 494 3788 fluvium
513 3734 598 3788 sitam
616 3734 745 3805 Kashgar
762 3733 847 3788 hodie
867 3733 973 3786 dictam
997 3734 1132 3802 (ceterum
1154 3731 1188 3785 cf.
1209 3729 1295 3784 etiam
1313 3730 1426 3784 Lassen.
1446 3730 1458 3782 I

154 3824 181 3874 p.
202 3810 235 3858 27
256 3806 319 3860 adn.
340 3810 375 3876 1.)
408 3823 442 3860 ex
460 3805 616 3861 coniunctis
635 3805 724 3876 igitur
748 3804 862 3858 vocibus
882 3803 1047 3859 Chaer-et
1065 3803 1149 3856 kasas
1169 3805 1200 3872 (s.
1221 3802 1324 3872 gha-v
1343 3803 1376 3871 1-
1396 3801 1458 3870 has)

154 3875 341 3930 Macedonum
365 3878 513 3931 Kaukasus
539 3877 631 3931 factus
660 3893 721 3932 esse
748 3875 865 3930 videtur.
912 3877 1034 3930 ceterum
1063 3874 1097 3927 de
1124 3890 1193 3944 rupe
1220 3889 1324 3944 magna
1352 3871 1403 3926 illa
1431 3875 1460 3925 et

155 3963 240 4018 specu
264 3965 328 4001 cum
350 3947 423 4002 nihil
445 3949 520 4003 infra
544 3948 731 4018 exposuerim,
756 3946 870 4002 diversis
894 3945 963 4000 locis
984 3963 1017 4000 ea
1036 3962 1053 3999 a
1071 3944 1138 4000 viris
1158 3945 1248 3998 doctis
1267 3946 1379 4014 reperta
1398 3960 1459 3997 esse

156 4019 226 4072 satis
244 4019 336 4074 habeo
356 4019 456 4076 dicere.
497 4037 585 4090 prope
607 4021 734 4090 Bamyan
756 4018 855 4072 urbem
878 4017 934 4072 sita
956 4017 1042 4070 fuisse
1066 4015 1217 4070 verisimile
1241 4033 1297 4070 non
1321 4018 1377 4083 est,
1396 4033 1459 4068 curn

155 4090 317 4145 Alexander
336 4107 369 4145 ea
387 4090 433 4145 via
451 4092 594 4161 profectus
612 4108 669 4146 non
688 4090 733 4146 sit.
762 4090 796 4144 cf.
815 4089 927 4143 Lassen.
947 4089 972 4142 II
990 4107 1017 4158 p.
1038 4093 1089 4142 730
1109 4088 1172 4140 adn.

248 4165 291 4232 13)
306 4179 361 4230 quo
376 4161 438 4216 Ioco
446 4162 617 4216 Alexandria
636 4163 702 4216 urbs
722 4161 773 4216 sub
788 4161 912 4216 Caucaso
927 4159 982 4214 sita
996 4158 1090 4228 fuerit,
1106 4158 1220 4212 difficile
1235 4160 1278 4212 est
1292 4157 1457 4211 diiudicatu.

155 4233 215 4288 Car.
234 4233 328 4288 Ritter
346 4233 376 4287 in
391 4233 627 4288 commentatione
640 4233 811 4288 berolinensi
827 4231 988 4286 academica
1006 4233 1090 4302 (anno
1106 4236 1174 4284 1832
1190 4229 1343 4300 separatim
1357 4228 1458 4297 editalz

154 4307 235 4362 Cebes
258 4305 417 4374 uterinas
443 4305 488 4362 tes
514 4305 621 4375 Creten
644 4306 757 4376 11111111
784 4320 826 4360 ora
853 4303 1133 4374 intimandumque
1158 4321 1185 4372 p.
1206 4308 1238 4356 25
1259 4298 1459 4355 Alexandriam

155 4378 254 4431 urbem
274 4394 291 4432 a
309 4393 376 4446 rege
395 4393 427 4431 eo
445 4375 507 4431 loco
527 4377 669 4430 conditam
688 4392 748 4431 esse
766 4375 886 4446 putavit,
905 4374 954 4428 ubi
973 4377 1069 4428 nostra
1096 4376 1190 4428 aetate
1209 4374 1335 4442 Bamyan
1359 4373 1457 4425 exstat

156 4448 345 4518 adstipulatus
364 4451 408 4502 est
427 4447 454 4503 C.
475 4447 576 4516 Zumpt
593 4447 623 4500 in
642 4447 767 4502 editione
786 4446 874 4502 Curtii
893 4463 917 4501 a.
957 4445 1062 4500 18491.
1081 4444 1141 4514 Vn,
1161 4450 1221 4513 333
1241 4445 1314 4511 adn,
1334 4441 1383 4496 alii
1403 4440 1459 4494 alia

156 4523 340 4590 sumpserunt.
379 4519 428 4573 sed
453 4519 642 4572 examinemus
666 4519 778 4589 singula
800 4517 970 4586 testim0nia,
989 4533 1062 4586 quae
1082 4533 1115 4570 ex
1134 4515 1316 4585 scriptoribus
1335 4511 1459 4581 antiquis

157 4591 239 4644 nobis
258 4593 407 4645 serventur.
446 4591 521 4660 apud
539 4589 693 4644 DIodorum
715 4591 786 4644 haec
807 4589 865 4644 fere
887 4589 1008 4659 legimus
1026 4587 1111 4657 XVII,
1135 4593 1194 4656 83,1
1220 4587 1278 4657 (τὸν
1297 4585 1459 4652 Καύκασον)

157 4661 352 4726 sectatrices
371 4665 493 4731 διείκθὼν
512 4660 543 4716 ἐν
561 4661 678 4733 ἡμέραις
697 4656 847 4716 ἑκκαίδεκα
870 4661 952 4715 πόλιν
976 4659 1065 4714 ἔκτισε
1088 4658 1161 4712 κατὰ
1182 4658 1233 4726 τὴν
1258 4655 1385 4729 εἰσβολὴν
1408 4654 1460 4724 τὴν

115 4775 118 4780 .
158 4729 301 4804 φέρουσαν
330 4735 369 4796 εἰς
396 4734 447 4804 τὴν
472 4732 620 4804 Μηδικὴν,
646 4731 682 4801 ἣν
708 4733 852 4803 ὠνόμασεν
872 4729 1087 4800 Ἀλεξάνδρειαν.
1135 4729 1246 4784 Curtius
1274 4727 1362 4782 Rufus
1389 4727 1460 4782 haec
1516 4731 1521 4744 ¹

1221 4819 1250 4872 1*
