3506 5306
855 333 1076 397 ,66-

312 515 366 576 tur
397 513 526 578 milites.
571 534 647 577 nam
678 515 749 578 tnm
780 513 847 578 fere
870 515 1007 577 ——erat
1038 515 1199 577 extremus
1231 513 1352 578 mensis
1383 511 1553 601 Iuniusm)
1577 553 1621 562 -

313 609 402 694 plani
421 608 530 676 Indiae
550 611 655 695 campi
674 631 785 676 omnes
805 611 897 694 qnasi
914 611 999 676 latus
1022 612 1111 675 lacus
1134 610 1226 696 aquis
1245 615 1279 676 et
1300 612 1380 677 caeli
1398 617 1431 678 et
1448 612 1622 679 fluviorum

313 708 474 792 superfusi
507 705 661 794 arantem)
707 709 860 793 venitque
892 709 932 772 ad
960 706 1129 774 Acesinem
1162 731 1289 774 amnem
1321 733 1379 775 rex
1410 711 1494 776 inter
1524 711 1622 776 urbes

311 805 454 890 Ialalpur
486 810 519 871 et
551 806 684 872 Siallrot.
730 806 777 870 ibi
808 808 894 872 enim
926 806 1023 872 hodie
1056 829 1185 893 quoque
1207 809 1260 873 via
1287 810 1460 876 aBimbar
1490 812 1623 877 veniens
1741 841 1742 900 3

312 905 452 971 traducit
474 902 675 992 fluvium.³⁰³)
721 905 806 970 latus
834 910 903 970 erat
930 905 1034 971 amnis
1062 905 1245 989 quindecim
1268 907 1334 972 fere
1357 908 1461 974 stadia
1483 908 1534 974 vel
1557 909 1622 975 duo

311 1002 415 1068 millia
438 1005 624 1090 octingenta
647 1007 757 1068 metra
781 1026 815 1068 re
834 1026 910 1068 vera
932 1005 1016 1069 inter
1035 1001 1161 1070 Siallrot
1185 1007 1218 1069 et
1236 1003 1427 1071 Wenirabad
1450 1008 1624 1092 compluri-

310 1102 371 1166 bus
395 1103 494 1167 alveis
517 1103 590 1166 fluit
612 1100 764 1167 Acesines
773 1100 834 1186 ²⁰⁴),
857 1103 914 1187 qui
937 1106 1082 1187 tempore
1110 1102 1275 1168 solstitiali
1298 1103 1456 1170 imbribus
1479 1106 1564 1171 aucti
1589 1107 1624 1170 in

310 1222 412 1264 unum
441 1203 559 1266 coeunt
586 1200 689 1265 latum
716 1199 836 1265 flumen
865 1202 899 1266 in
926 1223 991 1285 quo
1020 1222 1097 1266 saxa
1124 1223 1243 1288 magna
1269 1205 1367 1286 atque
1394 1224 1508 1288 aspera
1530 1206 1624 1288 quasi

311 1299 435 1364 insulae
472 1297 630 1383 minimae}
660 1296 851 1385 restarem)
907 1300 1004 1384 inque
1037 1299 1104 1364 dies
1142 1303 1212 1363 tum
1248 1300 1347 1366 latior
1378 1302 1496 1367 fiebat.
1536 1307 1624 1368 certe

311 1395 532 1462 Alexandrum
561 1401 666 1462 castra
694 1419 775 1482 quae
799 1398 839 1462 ad
861 1398 966 1483 ripam
989 1395 1137 1462 Acesinis
1164 1397 1268 1481 ipsam
1291 1402 1362 1463 tum
1385 1400 1522 1465 iusserat
1544 1402 1624 1485 poni

311 1495 447 1560 alluvio
467 1499 627 1560 crescente
646 1496 679 1559 in
698 1495 806 1560 locum
826 1494 994 1560 editiorem
1018 1495 1150 1559 tradunt
1173 1493 1375 1584 movissem)
1400 1520 1474 1563 cum
1492 1499 1624 1582 rapidus
1741 1509 1743 1564 ξ

311 1594 408 1658 etiam
436 1594 595 1658 undarum
618 1594 735 1658 fluctus
759 1597 856 1678 esset,
884 1594 939 1658 vix
962 1593 1030 1658 illic
1052 1591 1244 1658 Macedones
1268 1595 1523 1661 transmiserunt.
1570 1619 1624 1662 na

310 1689 460 1779 viumffll)
493 1695 578 1758 certe
611 1692 728 1777 quibus
761 1692 935 1758 transvecti
968 1695 1043 1756 sunt
1075 1713 1140 1756 nen
1171 1713 1292 1776 paucae
1320 1693 1405 1758 saxis
1429 1693 1532 1759 illisae
1556 1695 1625 1759 illic

311 1794 426 1874 ruptae
445 1791 645 1856 interierunt.
673 1789 800 1856 facilius
820 1790 876 1854 alii
890 1789 1017 1854 utribus
1024 1785 1076 1876 908)
1096 1789 1231 1854 fluvium
1251 1792 1434 1857 stramentis
1454 1793 1624 1878 completis

312 1893 552 1974 superaverunt.
1740 1947 1742 1982 r

399 1985 508 2072 Atque
532 1985 657 2053 Coenus
682 1987 824 2073 quidem,
854 1991 892 2051 ut
914 1984 1040 2051 Crateri
1063 1987 1172 2072 copias
1199 1988 1463 2054 transmittendas
1487 1995 1624 2075 curaret,

401 2182 463 2249 201)
483 2180 518 2235 cf.
534 2180 661 2236 Strabcn.
677 2181 728 2235 XV
746 2200 773 2251 p.
790 2186 849 2235 692.

400 2255 463 2322 202)
482 2251 517 2306 cf.
537 2252 656 2307 Nearch.
676 2255 705 2307 et
726 2252 881 2307 Aristobul.
901 2252 977 2322 apud
997 2252 1124 2306 Strabon.
1144 2251 1162 2305 l.
1182 2252 1200 2306 l.
1220 2253 1360 2322 posterior
1387 2255 1435 2308 καλ
1463 2254 1550 2324 μίτρα
1576 2265 1625 2326 τῆς
1739 2273 1743 2322 ⁴3

311 2323 476 2396 ἀναβάσεως
495 2321 637 2379 ἐκτίθεται
655 2323 861 2392 τετταράκοντα
880 2323 985 2465 dripere,
1004 2319 1044 2378 ὧν
1062 2324 1128 2386 τοὺς
1145 2321 1196 2392 μὲν
1215 2323 1320 2379 είιιοσιν
1339 2325 1409 2394 ὑπὲρ
1429 2325 1460 2380 τὸ
1476 2327 1624 2396 accedunto·

311 2415 362 2466 χον
381 2394 474 2466 βάθος
492 2398 617 2464 πληροῦν
635 2394 714 2466 μέχρι
732 2393 840 2466 χείλους
858 2394 889 2449 τὸ
931 2398 1042 2462 ewpov,
1065 2403 1124 2457 τοῖς
1148 2397 1166 2448 d
1195 2393 1301 2450 εἴκοσιν
1319 2395 1472 2467 ὑπάρχωσιν
1491 2393 1566 2452 εἶναι
1586 2398 1625 2461 εἰς

310 2466 346 2520 τὰ
364 2464 457 2521 πεδία.
492 2466 658 2536 ὁμολογοῦσι
676 2464 708 2521 δὲ
727 2467 776 2520 acl
794 2466 867 2521 διότι
886 2463 1033 2538 συμβαίνει
1051 2463 1172 2536 νησίζειν
1190 2465 1241 2528 τάς
1259 2465 1353 2530 πόλεις
1372 2467 1467 2523 ἐπάνω
1487 2469 1624 2540 χωμάτων
1740 2495 1744 2548 3

312 2537 470 2607 ἱδρυμένας.
507 2557 534 2608 p.
551 2542 603 2592 898
627 2536 696 2593 ὥστε
719 2537 768 2592 ταὶ
791 2534 885 2608 detrec
910 2545 1044 2606 ποταμῶν
1068 2536 1261 2593 ἀλλάττεσθαι.
1300 2539 1375 2608 quod
1394 2556 1490 2595 revera
1509 2542 1624 2611 saepius

311 2610 419 2664 factum
437 2611 481 2664 est
498 2625 589 2679 neque
608 2609 699 2664 solum
716 2609 802 2663 Indus
821 2626 932 2664 cursum
951 2608 1247 2664 inferioremmutavit
1261 2609 1306 2680 (cf.
1323 2609 1413 2666 Strab.
1428 2611 1446 2665 l.
1462 2611 1479 2665 l.
1496 2615 1559 2683 693)
1575 2613 1624 2667 sed

311 2681 398 2736 etiam
416 2680 495 2734 fluvii
513 2682 588 2736 inter
602 2681 750 2736 Acesinem
768 2683 797 2736 et
812 2681 964 2753 Qatadrum
982 2681 1056 2751 (vide
1066 2676 1206 2750 sotertes).
1244 2683 1390 2750 praeterea
1408 2683 1438 2737 in
1457 2683 1624 2739 interfluviis

311 2752 369 2807 illis
388 2753 418 2807 in
437 2751 557 2822 planitie
581 2753 644 2807 sitis
666 2753 773 2807 multae
796 2752 889 2807 fossae
912 2755 973 2807 arte
996 2751 1090 2806 factae
1113 2768 1217 2821 aquam
1240 2769 1275 2811 ex
1292 2754 1403 2823 magnis
1422 2753 1513 2810 fluviis
1533 2756 1564 2810 in
1582 2772 1624 2810 re-

311 2825 409 2894 giones
431 2823 529 2894 paullo
558 2825 693 2878 aridiores
717 2824 891 2879 derivabant.
934 2839 1008 2896 quaa
1036 2824 1130 2878 omnia
1153 2823 1241 2878 Alexa
1262 2824 1306 2878 dri
1334 2825 1544 2894 expeditionem
1572 2828 1623 2882 im·
1740 2843 1744 2894 2

311 2895 469 2966 pedissent‚
497 2896 521 2950 ei
544 2911 595 2966 per
617 2895 734 2966 planum
757 2896 890 2950 duxisset.
927 2897 1068 2965 postremo
1091 2897 1199 2949 veteres
1254 2896 1408 2950 exandrum
1433 2897 1470 2950 ab
1488 2897 1624 2969 Hydaape
1742 2899 1744 2948 l

312 2967 349 3020 ad
367 2967 526 3036 Hyphasim
548 2984 604 3021 non
627 2968 733 3022 iamin
756 2967 903 3022 meridiem
927 2965 1024 3021 sedin
1043 2967 1179 3021 orientem
1197 2982 1292 3020 versus
1311 2969 1479 3036 processisse
1497 2971 1623 3036 tradunt,

311 3057 335 3091 v.
352 3037 442 3092 Strab.
457 3038 518 3105 XV,
533 3043 597 3093 70οε
616 3038 634 3108 ι)
654 3037 704 3107 μὲν
723 3034 775 3094 οὖν
793 3038 873 3110 μέχρι
889 3046 940 3092 τοῦ
954 3019 1096 3096 Ὑδάσπου
1110 3037 1177 3100 ὁδὸς
1190 3037 1221 3092 τὸ
1236 3037 1321 3093 πλέον
1334 3031 1371 3107 ἣν
1385 3039 1431 3094 ἐπὶ
1446 3039 1624 3112 μεσεμβμίαν,
1742 3023 1743 3035 ³

311 3106 376 3178 ἡδ’
395 3108 514 3164 ἐνθένδε
537 3109 621 3178 πρὸς
644 3109 683 3165 ἕω
707 3113 833 3180 μᾶλλον
860 3109 956 3234 μέχΞι
983 3117 1042 3164 τοῦ
1061 3106 1232 3176 Ὑπάνιος,
1256 3109 1371 3164 ἅπασα
1395 3109 1431 3166 dl
1453 3119 1512 3182 τῆς
1535 3113 1623 3167 ὑπω-

312 3178 408 3248 ρείας
426 3183 552 3252 μᾶλλον
571 3179 587 3250 ἢ
607 3190 672 3236 τῶν
690 3179 819 3236 πεδίων
837 3180 919 3251 ἐχομ
942 3198 992 3250 σιμ.

402 3254 464 3322 203)
483 3252 547 3307 vide
566 3252 693 3307 chartam
711 3253 925 3308 Hemiehianam
943 3251 1134 3322 Afghanistan
1152 3254 1251 3307 terrae.

403 3325 466 3392 204)
485 3324 550 3378 vide
567 3323 781 3394 Kiepertianam
798 3323 863 3378 Iran
881 3326 980 3378 terrae.

404 3398 467 3465 206)
487 3395 521 3450 cf.
537 3395 597 3449 Art.
612 3395 645 3461 V,
662 3401 730 3462 208.

403 3470 466 3537 roc)
485 3485 509 3520 v.
526 3466 616 3522 strab
631 3467 683 3522 XV
701 3486 727 3538 p.
744 3472 804 3522 cer.

402 3541 464 3609 207)
482 3541 577 3593 utrum
600 3541 710 3608 partem
731 3539 846 3593 navium
864 3538 1023 3592 Alexander
1046 3538 1149 3607 quibus
1167 3538 1331 3610 Hydaspem
1353 3540 1512 3595 transmisit
1529 3557 1622 3596 seeum

313 3610 424 3664 duxerit
442 3609 755 3680 (cf.Ourt.VHI‚10‚3:
780 3611 847 3679 quia
865 3610 948 3680 plura
967 3609 1083 3665 flumina
1102 3611 1262 3680 superanda
1280 3614 1371 3677 erant)
1391 3628 1427 3665 an
1445 3628 1532 3666 novas
1551 3613 1622 3668 fece-

312 3681 358 3747 rit,
378 3697 414 3735 an
433 3681 520 3736 Porus
540 3682 575 3736 de
599 3683 656 3737 suis
676 3682 795 3749 dederit,
814 3682 971 3736 diiudicare
989 3699 1046 3735 non
1064 3699 1220 3751 possumus.
1257 3683 1380 3753 primum
1398 3683 1550 3738 verisimile
1568 3701 1622 3738 non

312 3752 364 3818 est,
383 3769 447 3807 cum
464 3770 498 3808 ex
517 3753 685 3808 Glausarum
702 3756 764 3808 tum
781 3755 896 3824 regione
917 3753 1075 3808 Alexander
1092 3754 1213 3821 veniret3
1232 3755 1345 3823 poterat
1362 3771 1427 3810 vero
1446 3758 1524 3810 recta
1542 3757 1589 3810 via
1606 3771 1623 3809 a

311 3823 419 3878 Nicaea
437 3824 506 3878 urbe
526 3841 672 3880 arcessere.

350 3928 352 3932 .
403 3898 465 3965 208)
484 3895 548 3950 vide
566 3897 626 3950 Arr.
642 3897 675 3959 V,
691 3902 759 3963 20,8.
798 3899 921 3950 ceterum
945 3896 980 3951 de
1002 3896 1126 3950 fluminis
1154 3896 1266 3950 nomine
1289 3899 1322 3950 ut
1345 3897 1450 3951 addam
1475 3897 1621 3952 nonnulla:

313 3983 371 4020 non
390 3970 622 4022 commemoratur
641 3968 677 4022 ab
691 3967 824 4035 Diodoro,
843 3986 908 4022 cum
920 3971 1018 4022 namet
1032 3967 1117 4034 XVII,
1132 3973 1205 4034 90‚4:
1225 3967 1349 4035 περάσας
1362 3967 1413 4022 τὸν
1426 3968 1555 4038 ποταμὸν
1569 3967 1621 4022 art.

312 4053 403 4106 neque
426 4037 537 4092 videtur
563 4056 665 4094 nomen
693 4038 792 4094 afferre
815 4039 927 4094 Curtius
950 4039 1002 4106 IX,
1022 4045 1077 4106 1‚9:
1106 4055 1278 4108 quamquam
1301 4039 1342 4094 ibi
1366 4041 1443 4109 apud
1462 4039 1531 4094 an
1551 4041 1621 4094 tium

312 4109 450 4164 editorem
476 4108 610 4180 legimus:
641 4111 719 4166 ‘hinc
741 4110 825 4165 Poro
853 4127 935 4164 amne
963 4111 1116 4180 superato'.
1159 4110 1209 4164 sed
1237 4127 1301 4164 cum
1327 4113 1404 4165 totns
1432 4111 1510 4166 locus
1531 4059 1621 4165 bani

312 4181 463 4250 insequens
492 4182 651 4237 consentiat
679 4200 742 4236 cum
765 4181 888 4236 Diodoro
916 4182 972 4236 l.1.
997 4197 1101 4251 eosque
1125 4198 1158 4236 ex
1180 4199 1237 4236 uno
1262 4182 1417 4252 eodemque
1441 4185 1555 4237 auctore
1572 4182 1621 4235 hos

312 4254 426 4308 nuntios
446 4254 598 4323 sumpsisse
616 4254 674 4308 veri
693 4271 749 4308 non
769 4253 906 4308 dissimile
925 4253 975 4320 sit,
999 4253 1069 4308 mihi
1089 4254 1203 4322 quidem
1222 4255 1343 4322 constat,
1362 4270 1397 4308 ne
1416 4253 1543 4308 (tortium
1562 4253 1621 4322 qui-

313 4325 377 4379 dem
395 4325 511 4379 fluvium
533 4326 646 4380 nomine
665 4341 791 4391 vocasse,
816 4325 865 4380 sed
885 4325 978 4379 ‘Pero'
999 4324 1071 4380 illud
1095 4341 1129 4379 ex
1151 4325 1207 4380 alio
1227 4342 1403 4394 quocumque
1421 4325 1506 4380 verbo
1525 4326 1620 4395 depra-

313 4399 410 4451 vatum
433 4413 500 4451 esse.
541 4398 646 4467 ‘porro’
667 4397 727 4452 cod.
746 4396 860 4450 FlorD
885 4397 1017 4463 servavit,
1045 4396 1165 4451 fortasse
1190 4399 1273 4451 recte.
1311 4397 1480 4451 Macedones
1504 4397 1620 4459 demum,

312 4485 414 4522 nomen
428 4469 489 4522 eius
508 4467 628 4522 alterum
644 4468 768 4524 ‘Asilrni'
783 4470 816 4522 ut
829 4468 942 4522 videtur
954 4467 1146 4538 respicientes,
1160 4469 1308 4523 Acesinem
1323 4485 1387 4522 eum
1401 4485 1419 4522 a
1439 4469 1619 4539 pellavernnt,

312 4539 1199 4681 clausurarumrenarra
1214 4487 1496 4684 circuite
1509 4539 1618 4665 ιιι-

313 4653 417 4736 Labsen
435 4681 448 4734 I
466 4701 493 4752 p.
509 4688 552 4749 55,
570 4682 697 4751 Droysen
716 4683 741 4735 Π
759 4701 786 4751 p.
803 4687 853 4736 147
873 4682 937 4735 adn.
954 4687 970 4734 4
989 4684 1019 4736 et
1036 4697 1138 4751 nuper:
1158 4654 1313 4748 Ababa,
1332 4630 1566 4756 &ipunpsstetitllte
1579 4650 1619 4738 ui

313 4752 455 4823 tllobemie,
475 4753 569 4812 bertin
588 4759 658 4809 1890
676 4773 703 4825 p.
719 4759 771 4807 902
781 4753 800 4807 f.
820 4753 905 4808 hodie
924 4752 1039 4808 Chenab
1057 4755 1180 4809 vocatur.
