3496 5308
850 309 1073 372 ..40-

310 487 437 552 videtur
460 484 664 573 Taxilaeffi),
696 507 769 550 cum
794 487 937 570 quinque
959 485 1090 551 milibus
1114 487 1254 551 militum
1277 485 1497 552 Alexandrum
1522 488 1627 550 comi-

308 586 369 650 tati
389 590 472 649 sunt.
509 607 583 649 uam
602 583 786 649 Alexander
808 607 867 668 pro
887 584 1046 650 militibus
1069 586 1104 648 in
1127 587 1319 670 expugnatis
1342 585 1476 649 urbibus
1498 585 1626 650 relictis

308 705 410 747 novos
434 705 560 767 semper
583 683 708 747 studuit
730 683 890 766 accipere,
913 687 949 747 ut
972 684 1006 746 in
1030 683 1140 747 eadem
1164 685 1323 748 exercitus
1345 684 1526 767 frequentia
1550 706 1625 767 per-

308 786 458 846 maneret.
505 781 757 846 intermiscuisse
790 785 897 845 autem
930 783 1040 866 paullo
1071 786 1145 865 post
1173 779 1270 846 Indos
1298 781 1425 846 videtur
1450 819 1488 828 —
1513 803 1625 864 neque

308 881 414 943 solum
438 877 536 944 indos
560 879 644 962 illos,
668 879 723 942 sed
746 883 868 944 ceteros
894 901 1022 964 quoque
1044 879 1198 944 barbaros
1222 901 1255 943 se
1279 883 1448 964 sequentes
1471 917 1515 925 -—
1539 880 1624 962 ipsis

307 975 522 1042 Macedonum
547 975 805 1060 Graecorumque
834 977 1012 1061 ordinibus,
1045 980 1082 1041 ut
1114 999 1273 1060 nusquam
1305 977 1371 1042 fere
1400 977 1457 1041 illo
1488 977 1624 1060 quidem

307 1079 453 1159 tempore
485 1096 590 1140 sermo
623 1075 665 1139 sit
697 1075 735 1138 de
763 1072 851 1138 ludis
884 1075 1104 1160 pugnantibus
1136 1074 1188 1139 vel
1220 1075 1258 1140 de
1291 1077 1362 1140 aliis
1390 1075 1533 1140 barbaris
1562 1079 1625 1140 aut

306 1172 447 1237 fortibus
469 1177 527 1237 aut
549 1174 675 1258 ignavis
701 1172 757 1237 sed
780 1173 819 1237 de
842 1172 1056 1238 Macedonum
1080 1172 1247 1238 ordinibus
1272 1171 1413 1260 solis.¹²⁸)

395 1271 497 1335 Lente
525 1269 706 1335 Alexander
740 1271 843 1335 movit
875 1271 1033 1335 imbribus
1061 1271 1118 1335 illo
1147 1275 1291 1356 tempore
1321 1273 1385 1336 iam
1414 1271 1626 1336 vehementer

307 1369 387 1434 fusis
411 1373 444 1433 et
465 1371 534 1434 vias
557 1369 645 1434 11111
671 1371 825 1453 rivosque
853 1391 970 1453 parvos
997 1373 1171 1453 torrentes,
1195 1371 1332 1434 maiores
1356 1369 1485 1453 fluvios,
1509 1392 1624 1434 amnes

308 1469 400 1552 quasi
423 1489 510 1531 mare
533 1467 739 1533 reddentibus
763 1468 945 1552 impeditus.
983 1472 1119 1532 exeunte
1141 1468 1208 1532 fere
1231 1489 1340 1532 mense
1359 1465 1524 1554 Apriliffl)
1548 1491 1625 1552 per-

308 1566 396 1630 venit
419 1566 460 1630 ad
482 1563 668 1651 Hydaspem
696 1587 763 1630 non
790 1567 859 1630 sine
887 1587 997 1650 pugna
1025 1565 1134 1650 eliqua
1162 1569 1199 1630 ut
1231 1565 1365 1630 videtur.
1412 1564 1557 1650 Spitaces
1567 1563 1626 1652 185)

307 1796 390 1866 pisse.
428 1811 462 1849 11
488 1797 512 1850 si
535 1799 597 1850 tum
616 1796 775 1850 Alexandro
795 1795 902 1850 Taxilis
926 1795 963 1848 ad
981 1795 1143 1866 Hydaspem
1166 1795 1359 1866 progredienti
1385 1795 1547 1849 adducitur:
1577 1798 1627 1850 est

307 1867 392 1921 hodie
411 1884 523 1936 quoque
542 1869 588 1922 via
607 1869 761 1922 secundum
779 1867 874 1921 Kohat
891 1866 995 1921 1111111
1013 1870 1091 1920 treus
1110 1867 1223 1935 Indum,
1243 1885 1316 1935 quac
1336 1868 1459 1921 conectit
1477 1867 1573 1920 Kohet
1592 1869 1628 1922 et

307 1939 421 2008 Djhand
443 1939 535 1993 urbes.
573 1955 607 1993 ea
629 1939 749 1994 11111111
772 1957 835 1993 cum
855 1939 974 1993 Samaxo
997 1939 1097 1992 Indum
1119 1940 1330 2010 transgrediens
1352 1940 1386 1992 ut
1409 1939 1446 1991 ad
1464 1938 1568 1992 Porum
1590 1955 1628 1992 se

308 2011 459 2078 conferret,
483 2011 514 2064 in
532 2010 696 2064 Taxilarum
720 2013 892 2081 potestatem
914 2011 1042 2080 pervenit
1060 2011 1236 2066 Barsaentes.
1274 2010 1370 2081 paullo
1396 2013 1461 2080 post
1480 2009 1627 2079 supplicio

308 2080 440 2136 affectum
459 2099 520 2136 esse
538 2099 602 2137 eum
621 2083 740 2136 Arriano
759 2083 912 2137 credemus.

398 2155 460 2223 122)
484 2153 519 2207 cf.
539 2145 666 2224 Droyseu
684 2154 710 2207 Π
733 2173 759 2224 p.
777 2160 840 2208 124:
869 2152 991 2224 ὕπαρχοι
1016 2154 1051 2207 ab
1070 2154 1189 2207 Arriano
1214 2155 1395 2207 nominentur
1413 2153 1457 2208 illi
1477 2154 1628 2222 principes
1730 2141 1731 2144 ¹

307 2224 340 2292 V,
356 2231 411 2292 8,5,
431 2227 505 2280 inter
529 2242 598 2293 quos
617 2225 758 2280 Doxareos
782 2241 894 2294 quoque
920 2225 1031 2279 videtur
1054 2225 1149 2280 fuisse.
1188 2225 1301 2279 eosdem
1320 2225 1391 2279 dicit
1410 2223 1568 2294 νομάρχονς
1587 2225 1627 2292 V,
1730 2227 1731 2230 ’

309 2302 368 2363 19,3
388 2296 422 2350 11.
438 2296 472 2366 V,
488 2302 556 2364 18,2.
594 2298 654 2352 sine
677 2297 764 2351 dubio
787 2299 883 2351 autem
902 2297 1030 2366 Spitaces
1054 2295 1069 2350 ὁ
1089 2295 1230 2366 νομάρχης
1252 2306 1308 2350 τῶν
1326 2295 1413 2368 ταύτῃ
1430 2293 1529 2351 Ἰνδῶν
1547 2295 1627 2350 Poro

308 2367 438 2422 subditus
457 2371 518 2423 erat
537 2366 690 2440 (ὕπαρχος).
728 2369 832 2422 errati
855 2369 911 2422 ‘tur
929 2367 1028 2422 Lenius
1047 2387 1073 2438 p.
1090 2374 1124 2422 31
1144 2367 1207 2421 adn.
1225 2374 1238 2421 1
1259 2370 1327 2422 extr.

397 2445 459 2506 123)
479 2440 514 2493 cf.
535 2441 622 2494 etiem
640 2441 743 2494 Keerst
761 2440 778 2494 l.
794 2439 811 2494 l.
859 2459 885 2509 p.
902 2445 961 2492 360.

399 2513 460 2580 124)
479 2513 595 2566 ineunte
614 2529 677 2568 vere
696 2512 796 2566 Indum
815 2513 1005 2582 transgressus
1024 2513 1068 2565 est
1086 2510 1257 2565 Alexander:
1284 2509 1384 2564 Taxila
1403 2510 1505 2564 Martio
1525 2527 1630 2566 mense

308 2581 367 2636 1111
396 2585 529 2648 exeunte,
558 2600 621 2638 eum
650 2586 674 2638 si
704 2585 839 2638 sumimus
863 2584 972 2637 venisse
995 2581 1093 2650 ibique
1120 2583 1256 2636 mansisse
1280 2581 1316 2634 ed
1339 2582 1404 2636 idus
1428 2582 1487 2637 1111
1509 2582 1630 2651 Apriles
1730 2585 1731 2600 *

308 2670 406 2721 usque,
425 2655 512 2708 tertia
536 2659 617 2724 parte
635 2657 741 2725 Aprilis
761 2655 916 2724 incipiente
935 2672 999 2708 eum
1026 2653 1062 2707 ed
1081 2653 1244 2723 Hydaspem
1263 2655 1356 2707 cestra
1374 2655 1501 2724 posuisse
1519 2653 1623 2722 proba-

307 2725 366 2779 bile
393 2727 444 2779 est.
482 2742 538 2793 quo
563 2727 618 2781 nisi
642 2726 718 2781 lente
741 2727 883 2796 profectus
908 2743 968 2780 esse
991 2742 1047 2778 non
1065 2726 1176 2779 videtur
1199 2741 1262 2778 cum
1288 2727 1317 2778 et
1335 2726 1418 2779 urbes
1436 2725 1631 2796 regionesque

308 2796 433 2849 nondum
457 2799 603 2866 superatas
627 2798 657 2850 in
680 2799 783 2853 itinere
806 2816 870 2854 eum
896 2796 1054 2852 debellasse
1072 2799 1212 2866 putemus,
1232 2797 1261 2850 et
1278 2796 1415 2850 imbribus
1434 2796 1629 2866 procellisque

309 2884 373 2921 eum
391 2867 478 2922 fuisse
496 2868 650 2923 inhibitum
669 2869 738 2923 satis
757 2871 899 2940 sagaciter
917 2869 1066 2923 videantur
1084 2868 1323 2922 animadvertisse.
1356 2869 1414 2922 iam
1433 2869 1463 2921 in
1477 2867 1628 2938 Hydaspis

307 2939 1627 3081 11111111111111111111111111111111·

309 3082 346 3135 ad
364 3081 526 3152 Hydaspem
545 3083 575 3136 in
593 3084 656 3152 ripe
675 3029 796 3138 111111111
813 3029 980 3152 siptriginta
999 3082 1059 3136 dies
1079 3029 1143 3136 erim
1160 3083 1298 3136 mansisse
1316 3081 1439 3136 Diodoro
1459 3053 1627 3150 1111118111

309 3154 506 3221 concedemus,
530 3155 605 3208 circa
629 3155 770 3209 decimum
793 3154 944 3224 septimum
968 3153 1043 3207 diem
1066 3153 1262 3207 1111ιὶ111111
1285 3153 1315 3206 in
1334 3152 1454 3207 Glausas
1477 3153 1626 3222 profectus

308 3225 434 3278 nundino
453 3225 517 3280 -fere
540 3229 616 3295 post,
640 3226 713 3280 κατὰ
735 3225 854 3294 θερινὰς
876 3223 1039 3292 1111111111
1057 3225 1205 3278 Acesinem
1224 3227 1317 3278 cestra
1335 3226 1443 3293 posuit,
1473 3224 1507 3278 11.
1528 3224 1625 3280 Strab.

308 3295 360 3348 XV
378 3315 405 3365 p.
421 3302 472 3350 692
498 3298 558 3351 Arr.
578 3297 637 3350 Ind.
658 3303 709 3364 6,5.
747 3297 850 3365 quibus
877 3312 1035 3366 repugnare
1062 3296 1174 3350 videtur
1196 3297 1331 3350 Arrianus
1355 3312 1416 3365 exp.
1431 3295 1464 3361 V,
1481 3301 1523 3364 9,4
1547 3297 1626 3366 (vide

308 3367 417 3422 Kaerst.
433 3367 450 3420 1.
465 3367 483 3422 l.
504 3387 531 3438 p.
546 3374 598 3422 363
627 3369 733 3438 111115)
761 3369 887 3437 Droysen
915 3367 966 3421 11.
986 3387 1013 3437 p.
1030 3373 1080 3422 142
1100 3367 1164 3421 adn.
1181 3373 1204 3426 2,
1224 3384 1344 3435 eumque
1371 3367 1493 3436 probans
1522 3367 1626 3422 Leuius

308 3458 334 3508 p.
351 3444 384 3491 39
409 3440 504 3493 admi
532 3442 635 3509 putent
657 3441 770 3494 Arriani
797 3441 895 3507 verba,
923 3440 972 3507 qui
1000 3437 1118 3508 μάλιστα
1146 3439 1266 3507 adiciat,
1294 3439 1447 3508 premenda
1470 3455 1526 3492 111
1550 3456 1623 3495 esse.

308 3513 427 3578 uterque
445 3512 521 3565 enim
539 3512 652 3565 Arriani
670 3512 755 3565 verba
773 3513 815 3566 ite
833 3513 1055 3581 interpretantur
1077 3512 1159 3578 quasi
1178 3511 1336 3580 scripsisset
1354 3510 1546 3565 Alexandrum
1565 3511 1623 3564 sol-

309 3581 411 3636 stitiali
439 3584 565 3652 tempore
593 3583 630 3636 ad
652 3583 816 3653 Hydaspem
842 3583 1009 3652 pervenisse.
1051 3583 1105 3636 hoc
1133 3583 1157 3636 si
1184 3583 1320 3636 Arrianus
1349 3583 1508 3652 scripsisset
1535 3582 1641 3650 plane¹

309 3655 472 3722 amavisset3
492 3654 541 3708 sed
560 3656 673 3708 omnino
692 3672 748 3709 non
767 3655 838 3709 dicit
855 3654 928 3709 κατὰ
946 3653 1052 3722 τροπὰς
1069 3671 1165 3708 verum
1183 3653 1252 3722 μετὰ
1265 3652 1372 3722 τροπὰς
1385 3653 1510 3722 μάλιστα.
1545 3655 1625 3721 quod

310 3728 359 3779 aut
377 3726 620 3795 interpretandum
643 3729 698 3780 1111
726 3729 805 3796 post
828 3726 981 3781 solstitium
1007 3726 1153 3792 aestivum,
1172 3727 1292 3779 exeunte
1310 3725 1399 3807 igitur
1416 3741 1512 3779 mense
1530 3724 1623 3792 Iunio,

309 3797 385 3864 quod
403 3800 500 3866 aperte
518 3799 690 3868 repugnaret
707 3799 864 3852 narrationi
884 3799 1033 3852 accuratae
1052 3797 1178 3852 eiusdem
1201 3797 1348 3865 scriptoris
1362 3796 1396 3864 V,
1412 3801 1481 3863 19,3,
1501 3798 1562 3850 aut:
1583 3799 1624 3850 ad

309 3868 462 3923 solstitium
486 3869 624 3922 aestivum
647 3869 705 3923 fere
728 3886 835 3937 versus,
859 3870 925 3924 111.
946 3869 1041 3936 aliquo
1065 3871 1191 3937 tempore
1215 3871 1280 3922 ante
1300 3867 1453 3922 solstitium
1473 3868 1622 3936 aestivum,

310 3956 382 4006 quae
402 3941 425 3994 si
444 3943 559 4010 propter
577 3939 695 4009 μάλιστα
713 3957 769 3994 111
787 3941 948 4010 premimus,
968 3957 1031 3994 cum
1049 3939 1167 4007 reliquis
1186 3955 1339 4009 congruere
1359 3939 1550 3994 concedemus.

399 4015 460 4080 125)
479 4012 578 4066 Larius
597 4011 784 4080 Droysenium
803 4013 885 4067 valde
903 4014 1045 4081 vituperat
1063 4011 1140 4079 quod
1158 4010 1294 4079 Polyaeni
1312 4010 1554 4064 narratiunculam
1572 4009 1622 4078 IV,

310 4088 368 4149 3,21
395 4084 440 4152 (de
458 4083 570 4137 Pittaco
594 4099 674 4151 sane,
699 4084 749 4138 sed
772 4085 833 4138 sine
858 4084 944 4137 dubio
968 4082 1147 4136 scribendum
1174 4081 1623 4150 111Σ1111111111)111111111111111

308 4155 447 4223 receperit
469 4155 592 4222 indeque
616 4154 785 4210 concluserit
804 4155 947 4225 Spitacem
968 4170 1102 4224 regnasse
1125 4154 1199 4207 inter
1217 4153 1282 4207 Pori
1305 4155 1334 4208 et
1352 4153 1460 4207 Taxilis
1484 4169 1572 4224 regna
1591 4156 1623 4207 et

217 4270 219 4275 .
309 4225 380 4278 fusis
409 4226 498 4295 copiis
527 4226 563 4278 ad
591 4226 693 4280 Porum
720 4226 836 4298 fugisse.
884 4225 1015 4294 equidem
1042 4225 1125 4280 valde
1152 4225 1237 4279 laudo
1267 4225 1455 4294 Droysenium
1483 4225 1558 4292 quod
1586 4240 1623 4280 ex

309 4297 433 4350 minimis
462 4297 630 4366 scriptorum
658 4299 786 4369 vestigiis
814 4301 896 4352 tanta
924 4297 1081 4368 sagacitate
1109 4313 1175 4351 vera
1202 4297 1389 4351 constituerit.
1437 4313 1470 4350 ac
1498 4296 1623 4366 primunr

310 4368 425 4436 quidem
444 4367 571 4437 Spitaces
595 4370 656 4438 ipse
680 4369 716 4423 ab
735 4370 854 4424 Arriano
873 4370 906 4437 V,
923 4374 982 4436 18,2
1006 4369 1129 4423 traditur
1151 4368 1303 4422 nomarcha
1321 4368 1409 4422 fuisse
1427 4369 1559 4422 indorum
1578 4368 1622 4420 in·

209 4465 213 4476 ·
310 4439 463 4493 colentium
482 4456 544 4494 eam
562 4442 715 4512 regionem,
734 4442 784 4496 ubi
802 4458 898 4512 pugna
917 4441 995 4495 facte
1014 4443 1064 4494 est.
1101 4440 1623 4494 11111111111111111111111111111111

309 4511 384 4564 inter
402 4510 529 4565 Taxilem
548 4515 577 4566 et
594 4513 696 4566 Porum
715 4545 749 4552 -
768 4515 798 4568 et
815 4513 869 4567 hoc
893 4513 962 4566 satis
985 4515 1083 4566 notum
1102 4544 1136 4552 -
1155 4511 1306 4566 verisimile
1330 4513 1374 4566 est
1397 4512 1484 4565 etiam
1503 4512 1543 4564 cis
1561 4511 1621 4579 Hy-

310 4582 427 4651 daspem
454 4582 557 4636 Porum
583 4601 724 4654 regnasse.
766 4585 825 4638 iarn
851 4585 927 4639 idem
955 4583 1091 4636 Arrianus
1119 4585 1215 4637 narrat
1240 4583 1274 4650 V,
1290 4589 1332 4648 9,2
1360 4581 1551 4636 Alexandrum
1580 4583 1621 4636 cis

309 4653 473 4723 Hydaspem
492 4655 581 4708 diviso
601 4657 631 4709 in
649 4656 753 4709 multas
772 4659 867 4726 partes
886 4656 1011 4711 exercitu
1030 4655 1101 4709 alios
1121 4655 1208 4708 aliam
1226 4655 1256 4708 in
1275 4656 1385 4722 partem
1403 4655 1527 4724 regionis
1541 4653 1621 4708 illins

310 4724 435 4792 duxisse,
461 4729 655 4782 vastantem
678 4744 765 4795 quae
787 4727 935 4782 hostilia
959 4729 1057 4782 erant
1101 4727 1177 4780 undo
1201 4728 1321 4795 apparet
1340 4725 1470 4780 civitates
1488 4725 1621 4795 parvulas
