3496 5308
685 240 1008 346 -as-·

138 446 192 510 vel
207 440 432 529 Choaspem⁶⁷)
448 480 489 490 —
504 441 607 506 Laudi
626 440 760 507 flurium
779 440 952 507 difficulter
962 393 1141 525 superavit.
1177 463 1251 507 nam
1266 443 1446 527 profirndus

139 547 210 608 erat
238 546 270 607 et
297 539 428 625 rapidus
457 539 649 605 etrotunda
672 539 802 624 inipso
826 561 902 604 saxa
925 538 1083 604 fallebant
1104 537 1330 626 ingredientes.
1375 545 1445 606 turn

229 719 272 788 67)
298 716 399 771 Strabo
423 715 483 784 XV,
507 721 557 769 697
583 715 617 769 de
641 714 768 784 Choaspe
795 714 865 768 haec
893 713 1020 806 scripsitr
1047 713 1096 768 τὸν
1123 714 1259 786 Χοάσπην
1287 715 1317 778 ὃς
1336 713 1375 778 εἰς
1393 715 1445 786 τὴν

137 791 246 858 Κώφην
266 783 396 860 ἐμβάλλει
415 787 542 856 ποταμὸν
561 785 633 841 κατὰ
651 786 814 854 Πλημοριον
832 785 914 840 πόλιν
933 785 1009 856 poste
1026 785 1104 854 noodr
1125 785 1243 856 Γωρύαο
1261 785 1346 856 ἄλλην
1361 786 1443 841 πόλιν

138 861 191 932 (ita
210 859 388 914 scribendum
406 875 467 913 esse
505 860 563 926 uto,
582 857 686 912 collato
700 855 813 912 Arriani
826 857 888 912 loeo
902 857 949 926 lV,
964 863 1036 926 23,5:
1051 855 1103 925 τὴν
1117 856 1199 911 πόλιν
1214 857 1244 912 δὲ
1259 857 1444 925 κατασκάψας

137 929 311 994 εἰς’Ἀνὸακα
335 930 438 1000 ἄλλην
456 933 558 984 πολιν
583 923 646 998 ἦγε,
670 946 720 998 pro
744 928 873 984 codicum
896 929 1007 996 Γώοαδι
1030 926 1117 996 ἄλλην
1140 927 1232 998 πόλιν)
1256 929 1305 984 καὶ
1332 929 1444 995 διεξιὼν

136 1007 189 1069 τήν
204 1022 233 1057 τε
253 1001 439 1074 assonatione
458 1000 507 1054 καὶ
524 1000 576 1069 τὴν
596 1002 775 1067 Γανδαρίων.
801 999 940 1069 Choaspes
959 1015 1040 1070 porro
1061 1003 1293 1054 commemoratur
1310 999 1341 1053 in
1359 999 1445 1056 Arist.

136 1075 254 1129 Meteon.
273 1073 293 1142 Ι,
314 1079 366 1126 360
386 1089 410 1126 a.
431 1078 464 1125 24
484 1074 512 1126 et
532 1088 548 1124 a
567 1071 607 1124 nd
625 1069 753 1125 Curtium
770 1071 842 1139 VIII,
864 1077 948 1136 1022.
978 1069 1112 1124 Arrianus
1132 1071 1167 1124 de
1186 1071 1312 1140 Choaspe
1331 1071 1444 1126 omnino

136 1148 226 1215 tacet3
245 1144 407 1198 nominatur
426 1143 530 1198 Choem
548 1089 663 1196 durium
681 1141 738 1212 (IV,
758 1141 898 1266 &idm
916 1141 991 1196 idem
1010 1143 1053 1196 est
1068 1129 1154 1210 atque
1169 1141 1281 1197 Claudii
1290 1141 1445 1206 Ptolemaei

136 1218 221 1278 Κώας
238 1215 307 1286 (VII,
328 1217 398 1284 126)
418 1215 499 1276 Κώας
518 1217 614 1268 autem
630 1213 688 1278 nisi
705 1213 754 1281 qui
772 1214 809 1267 ho
833 1213 857 1268 'e
876 1213 993 1266 Khunar
1010 1212 1251 1268 nominaturesse
1269 1231 1326 1268 non
1341 1216 1443 1283 potest.

137 1288 186 1342 sed
205 1287 317 1341 idemne
336 1289 379 1339 est
398 1285 487 1340 Choes
508 1293 558 1340 es?
594 1284 725 1339 dixerunt
737 1284 830 1338 BItter
844 1283 874 1337 in
888 1283 1085 1338 dissertatione
1100 1283 1211 1354 saepius
1226 1284 1344 1340 laudata
1357 1304 1383 1354 p.
1401 1292 1446 1352 24,

137 1359 195 1413 alii.
228 1357 284 1428 ipsi
302 1356 454 1412 videamus.
487 1304 528 1412 CI.
541 1355 718 1411 Ptolemaeus
737 1356 807 1410 haee
821 1355 891 1410 dicit
905 1355 963 1424 Vll,
980 1361 1052 1422 1,44:
1071 1357 1173 1424 μεταξὺ
1189 1354 1220 1410 δὲ
1233 1365 1283 1412 τοῦ
1298 1356 1444 1411 Σοοάστοο

136 1431 186 1485 καὶ
204 1439 253 1484 τοῦ
269 1427 360 1482 Ἰνδοῦ
380 1426 533 1497 Γανδάραι.
559 1427 677 1482 Suastus
695 1427 779 1481 hodie
798 1427 895 1482 Suwat
913 1426 1010 1497 (Swat)
1030 1425 1189 1507 appellatur
1204 1427 1322 1496 fluitque
1335 1427 1444 1481 medius

136 1503 212 1556 inter
230 1500 330 1554 Indum
349 1501 378 1552 et
395 1499 511 1552 Khunar
530 1515 633 1554 amnes.
671 1498 759 1568 (Swat
783 1500 813 1552 et
830 1497 980 1568 Panglrora
998 1497 1078 1551 fluvii
1100 1497 1242 1552 coniuncti
1265 1499 1445 1554 nominantur

136 1571 228 1627 Laudi
254 1571 310 1643 [vel
328 1569 457 1642 LandaiJ.
493 1569 671 1625 Ptolemaeus
696 1572 791 1624 autem
814 1568 901 1623 etiam
923 1568 1087 1624 coniunctos
1102 1568 1169 1622 iam
1191 1568 1289 1624 fluuos
1314 1570 1444 1624 Suasturn

136 1641 311 1768 serillib
327 1641 502 1767 dilati
524 1641 545 1782 ³<
558 1639 1445 1782 'lli>titillatGltlltleallltnlraltilltslllllt

137 1788 229 1854 ρίδαις
247 1785 278 1840 τὸ
294 1784 389 1846 σκέλος
402 1783 562 1838 Alexandro
580 1783 758 1838 vulneratum
776 1799 848 1852 esse3
869 1783 944 1852 qnod
962 1799 1060 1837 revera
1078 1755 1185 1836 factum
1204 1785 1247 1837 est
1265 1801 1329 1838 cum
1338 1784 1444 1838 Massa-

137 1873 272 1928 genorum
289 1855 387 1910 urbem
400 1855 568 1910 Macedones
587 1857 790 1926 oppugnarent.
823 1854 882 1908 iam
900 1854 935 1909 de
949 1853 1059 1924 Coryae
1077 1853 1155 1908 urbis
1169 1853 1226 1908 situ
1239 1855 1310 1910 haec
1325 1855 1445 1910 tradidit

137 1945 315 2000 Ptolemaeus
343 1943 408 2012 VII,
432 1949 506 2013 1,43:
531 1943 684 2013 Γώροα...
705 1946 765 2016 pap
790 1947 828 1998 td
850 1942 896 2000 dd.
939 1959 1011 2013 quae
1035 1942 1059 1996 si
1083 1959 1277 2012 comparamus
1300 1961 1363 2000 eum
1385 1945 1445 2012 VII,

138 2040 206 2104 1,2'l:
226 2033 347 2106 συμβολὴ
367 2033 434 2088 Κώοι
458 2034 506 2087 καὶ
525 2031 671 2087 Σοοοίοτοο
695 2053 733 2102 ρο
760 2028 779 2089 ν’
799 2031 882 2107 ltnlyc'
902 2035 931 2086 et
949 2031 1009 2102 VII,
1029 2027 1225 2102 1,28ducporrd1
1245 2041 1294 2088 τοῦ
1313 2033 1382 2087 Κώα
1405 2032 1445 2096 εἰς

135 2108 200 2168 τοὺς
223 2103 464 2174 Παροπανισάδας
488 2125 542 2175 paor
564 2101 637 2174 aa.
675 2103 709 2158 ef.
772 2105 793 2172 I,
818 2110 877 2174 1,26
896 2105 1044 2158 Σοοάστοο
1072 2112 1198 2172 ποταμοῦ
1222 2105 1311 2173 πηγαὶ
1340 2107 1392 2178 papi
1416 2104 1443 2173 ν’,

135 2180 267 2248 putamus
286 2175 379 2245 Gorya
396 2177 495 2230 urbem
512 2175 636 2230 mediam
654 2174 729 2230 inter
747 2175 833 2231 Coam
852 2175 1039 2244 Suastnmque
1053 2174 1138 2228 sitam
1152 2174 1247 2245 fuisse,
1263 2175 1313 2230 sed
1326 2175 1443 2246 propius

137 2249 174 2304 ad
197 2249 330 2302 Suastum
357 2249 386 2302 et
405 2250 497 2302 exstat
514 2263 544 2301 re
567 2263 634 2301 vera
656 2246 741 2301 hodie
764 2246 933 2318 Panglrora
959 2247 1026 2300 urbs
1054 2246 1091 2300 ad
1118 2246 1234 2300 fluvium
1261 2247 1443 2318 Panglrora,

135 2323 258 2375 veterem
277 2319 424 2374 Curaeum.
461 2319 534 2372 hano
553 2319 672 2372 eandem
690 2317 777 2373 fuisse
795 2317 908 2373 nomine
926 2317 1117 2372 concedemus.
1155 2317 1231 2371 idem
1246 2320 1341 2372 autem
1361 2318 1385 2372 si
1400 2321 1443 2373 est

135 2390 290 2447 Ptolemaei
308 2390 443 2460 oppidum
462 2394 548 2458 atque
567 2389 712 2444 Strabonis
730 2423 766 2432 -
785 2407 818 2444 ac
836 2389 987 2444 verisimile
1005 2389 1120 2457 quidem
1145 2392 1188 2456 est
1206 2388 1248 2442 ita
1267 2405 1297 2444 se
1315 2405 1375 2443 rem
1392 2390 1443 2444 ha·

136 2464 203 2518 bere
221 2495 256 2503 —
275 2461 420 2516 Strabonis
440 2460 581 2530 Choaspes
600 2461 700 2515 fluvius
720 2465 763 2516 est
779 2461 804 2515 is
823 2461 873 2529 qui
892 2461 927 2515 ab
948 2459 1011 2514 aliis
1031 2459 1156 2514 Curaeus
1180 2463 1304 2515 vocatur.
1346 2461 1444 2532 (etiam

136 2534 161 2588 si
188 2551 382 2604 comparamus
408 2533 469 2587 Arr.
495 2531 541 2601 IV,
566 2537 626 2601 25st
651 2550 690 2600 sq.
715 2535 744 2587 et
767 2532 1031 2602 eua.Vn1,1o,aa
1056 2549 1096 2600 sq.
1125 2531 1155 2585 in
1183 2531 1301 2602 singulis
1330 2531 1444 2601 quidem

136 2605 251 2660 nuntios
279 2603 404 2672 differre,
439 2606 535 2658 tamen
568 2604 687 2658 eundem
715 2620 776 2658 esse
804 2603 916 2657 Auiani
945 2602 1085 2656 Curaeum
1113 2605 1142 2657 et
1170 2602 1259 2658 Curtii
1287 2603 1444 2674 Choaspem

137 2675 263 2802 &urium
288 2675 376 2756 (Kow)
402 2674 596 2756 Aspasiorum]
624 2675 805 2730 manifestum
831 2677 881 2728 est.
928 2674 1033 2744 optime
1061 2691 1163 2728 nomen
1189 2675 1267 2728 urbis
1296 2675 1371 2757 (lory
1399 2675 1443 2729 vel

162 2765 230 2817 crya
257 2747 387 2817 congrurt
414 2763 478 2800 enm
495 2746 609 2800 flumme
632 2747 761 2816 Curaeo).
811 2762 902 2815 neque
929 2761 1036 2800 errasse
1064 2745 1230 2800 Strabonem
1258 2746 1380 2800 arbrtror
1408 2747 1443 2800 de

137 2819 230 2887 Gorya
253 2817 431 2885 referentem,
459 2834 526 2871 nam
551 2834 615 2872 eum
642 2817 757 2872 fluvium
784 2817 834 2886 qui
862 2817 956 2886 Gorya
983 2817 1031 2887 (ad
1054 2816 1204 2886 Pangkora
1227 2817 1312 2872 sitam
1333 2818 1443 2888 urbem)

136 2888 311 2960 praeterfluit
329 2889 415 2943 etiarn
432 2892 545 2966 recepto
565 2889 665 2944 Suasto
683 2906 772 2958 usque
792 2890 829 2944 ad
847 2907 911 2944 eum
929 2889 1022 2942 locum
1044 2887 1095 2942 ubi
1120 2887 1150 2942 in
1168 2889 1262 2942 Kabul
1279 2889 1394 2944 fluvium
1413 2906 1442 2943 se

136 2959 266 3014 immittit
280 2960 434 3029 Choaspem
448 2960 583 3016 nominat.
620 2959 678 3014 iam
692 2960 819 3016 Curtium
833 2960 978 3014 videamus
992 2959 1040 3030 qui
1054 2959 1125 3014 haee
1138 2962 1248 3016 narrat:
1262 2959 1334 3029 VIII,
1351 2965 1441 3030 1032:

138 3033 298 3102 superato
327 3031 429 3085 deinde
456 3030 603 3100 Choasque
631 3048 713 3086 amne
742 3032 854 3087 Coenon
885 3031 916 3085 in
944 3030 1091 3086 obsidione
1119 3030 1197 3084 urbis
1226 3031 1377 3100 opulentae
1408 3064 1441 3072 -

136 3103 248 3158 Beiram
265 3102 375 3158 incolae
393 3105 495 3157 vocant
513 3136 546 3143 -
565 3103 689 3172 reliquit,
708 3103 768 3173 ipse
788 3104 825 3158 ad
843 3104 1003 3172 Mazagas
1021 3101 1135 3157 venit’.
1173 3101 1256 3156 Beira
1270 3120 1327 3157 non
1341 3103 1451 3158 eadem·

137 3179 191 3245 est,
210 3191 282 3244 quae
300 3175 435 3228 Arrianus
455 3174 584 3228 Baziram
602 3174 736 3244 appellat,
756 3178 851 3246 (quam
870 3175 952 3229 oredo
971 3176 1047 3228 reete
1061 3173 1264 3244 Cunningham.
1288 3173 1306 3228 l.
1326 3173 1344 3229 l.
1363 3193 1390 3244 p.
1406 3181 1440 3228 47

137 3248 223 3302 chart.
247 3246 286 3301 IV
313 3249 428 3316 putasse
457 3245 542 3300 sitam
564 3245 651 3300 fiiisse
674 3245 724 3300 ubi
750 3264 831 3300 nunc¹
848 3247 937 3300 Bazar
960 3245 1037 3299 vicus
1066 3247 1151 3300 extat.
1198 3245 1273 3298 unde
1300 3245 1384 3299 facile
1412 3245 1442 3299 in

136 3321 245 3388 petram
267 3319 381 3372 Acmon
407 3319 525 3387 potuere
553 3317 678 3398 effugere
706 3317 781 3385 Indi,
809 3333 900 3386 neque
927 3319 1023 3371 tamen
1051 3316 1087 3370 ab
1110 3316 1180 3371 urbe
1204 3332 1238 3370 ea
1261 3333 1334 3384 quae
1356 3317 1443 3371 hodie

136 3389 284 3460 Badjawar
302 3388 461 3459 appellatur
480 3405 565 3458 quam
585 3387 635 3442 ahi
653 3391 775 3443 veterem
793 3389 893 3444 Bazira
914 3390 1012 3443 urbem
1039 3404 1098 3442 esse
1116 3387 1190 3442 male
1210 3387 1440 3458 arbitrabantur),

138 3461 186 3514 sed
204 3460 275 3514 eitra
294 3461 426 3530 Massaga
445 3459 507 3514 sita.
545 3459 664 3514 fortasse
684 3458 773 3514 Curtii
791 3476 893 3515 nomen
911 3462 990 3514 vetus
1010 3462 1150 3514 servatum
1163 3461 1208 3513 est
1222 3459 1257 3513 ab
1272 3459 1441 3514 nostratium

137 3532 205 3586 urbe
228 3531 272 3585 vel
289 3530 350 3586 vico
369 3530 555 3598 Beiramderi,
579 3547 662 3600 quern
685 3530 715 3584 in
738 3531 829 3586 vicum
852 3531 1011 3598 conveniet,
1036 3530 1059 3585 si
1083 3530 1145 3599 quis
1168 3529 1199 3582 in
1222 3529 1441 3600 septentrionem

137 3602 314 3672 progreditur
342 3603 377 3656 ab
403 3603 510 3657 Abaaai
537 3603 615 3657 urbe.
662 3601 719 3658 iam
742 3601 807 3656 inde
831 3619 848 3656 a
870 3601 1043 3656 Beiramderi
1066 3601 1219 3670 procedens
1242 3601 1389 3670 perveniat
1411 3601 1442 3655 in

138 3673 298 3728 Schah-Kot
312 3673 454 3744 oppidum,
468 3674 553 3728 hodie
566 3673 713 3729 munitum.
751 3690 852 3728 nomen
865 3672 953 3742 urbis,
967 3673 1106 3743 persicum
1120 3675 1153 3726 ut
1165 3671 1284 3740 videtur,
1300 3672 1441 3744 signifieat

138 3744 358 3814 „Konigsburg“,
378 3746 453 3814 quod
471 3761 573 3800 nomen
592 3745 769 3815 aptissimum
788 3747 862 3798 esset
876 3745 1023 3814 Massagae
1036 3743 1108 3812 urbi,
1124 3745 1245 3798 stertat
1259 3744 1295 3798 ah
1310 3744 1440 3798 orientali

137 3817 217 3886 parte
235 3817 352 3884 torrens,
370 3833 454 3883 quem
473 3819 670 3871 commemorat
689 3815 807 3870 Curtius.
845 3818 1002 3897 opportuno
1021 3815 1082 3868 loco
1097 3815 1183 3869 situm
1198 3815 1439 3884 eratSehah-Kot,

138 3887 161 3940 si
184 3885 233 3955 qui
262 3885 398 3940 exereitus
421 3887 458 3944 in
474 3887 602 3958 regiones
627 3887 701 3942 eirca
724 3887 794 3942 Suat
821 3887 937 3941 fluvium
965 3886 1136 3956 superiorem
1163 3885 1232 3939 ritas
1260 3903 1439 3956 processurus

138 3960 210 4027 erat,
237 3956 361 4026 itemque
388 3958 439 4012 illa
466 3959 511 4013 via
537 3960 633 4014 hostes
661 3959 794 4016 accedere
822 3961 965 4029 poterant,
993 3960 1026 4012 ut
1052 3956 1166 4028 neglegi
1192 3957 1271 4011 nullo
1294 3958 1377 4012 modo
1403 3959 1439 4013 ab

138 4029 297 4084 Alexandro
326 4028 461 4084 debuerit.
506 4029 557 4084 illa
584 4030 734 4086 fortasse
756 4031 824 4086 urbs
847 4031 979 4100 Massaga
1002 4031 1080 4084 vetus
1106 4029 1169 4083 fuit.
1215 4031 1339 4082 ceterum
1365 4029 1440 4084 viam

138 4101 289 4156 secundnm
312 4099 415 4154 flumen
437 4101 528 4154 Laudi
549 4101 642 4172 ipsum
665 4103 695 4156 in
717 4102 819 4158 vallem
843 4101 936 4156 Suasti
964 4119 1019 4156 non
1047 4101 1184 4171 praebent
1212 4101 1341 4168 chartae,
1369 4119 1439 4168 quas

138 4172 267 4243 equidem
285 4170 357 4240 vidi3
376 4188 462 4240 quare
479 4191 548 4226 num
565 4173 712 4245 Manglora
731 4176 778 4246 (ad
797 4173 928 4228 Suastum
946 4172 1080 4242 medium)
1098 4172 1186 4226 fnisse
1208 4172 1341 4242 Massaga
1363 4175 1439 4226 recte

137 4244 294 4315 suspicatus
323 4242 361 4296 sit
387 4242 590 4314 Cunningham.
622 4245 647 4314 I,
666 4251 700 4302 82
722 4245 804 4300 valde
823 4244 911 4300 dubia
929 4247 972 4298 est
989 4261 1041 4299 res.
1089 4244 1137 4298 sed
1165 4245 1197 4296 ut
1224 4243 1337 4296 redeam
1364 4243 1438 4297 unde

138 4316 278 4386 digressus
297 4333 371 4370 sum:
394 4313 484 4368 Laudi
509 4313 623 4370 fluvium
640 4316 799 4371 Alexandro
821 4315 1070 4370 transmittendum
1092 4315 1190 4382 firisse,
1214 4313 1378 4384 prinsquam
1402 4315 1438 4368 ad

137 4387 219 4442 urbes
237 4387 302 4441 illas
321 4385 435 4440 veniret.
473 4385 584 4440 Curtius
607 4387 617 4440 i
640 4387 696 4441 'tur
718 4387 742 4442 si
766 4387 920 4457 Choaspem
943 4386 1134 4441 Alexandrum
1156 4385 1224 4439 fecit
1247 4387 1438 4439 transeuntem

139 4461 187 4512 aut
213 4459 391 4513 vehementer
418 4456 523 4512 erravit
548 4458 593 4528 (cf.
647 4475 747 4528 roysen
774 4459 811 4524 H,
841 4465 905 4526 112,
933 4474 957 4512 a.
983 4460 1009 4528 1)
1038 4461 1087 4512 aut
1110 4457 1265 4526 Choaspem
1293 4459 1322 4510 et
1348 4457 1438 4510 Laudi

139 4529 289 4600 (Suastum)
318 4530 438 4584 eundem
460 4545 520 4584 esse
543 4528 638 4584 voluit.
679 4529 818 4598 posterius
841 4529 972 4598 equidem
995 4546 1081 4584 sumo.
1118 4545 1184 4582 narn
1212 4544 1296 4597 supra
1319 4527 1437 4582 vidimus

140 4599 291 4672 Choaspem
310 4601 455 4656 Strabonis
478 4599 591 4654 fluxisse
609 4598 695 4656 etiarn
712 4617 763 4670 per
780 4599 969 4670 Gandaritim,
993 4601 1067 4655 hane
1090 4603 1185 4654 autern
1206 4599 1283 4653 intra
1306 4599 1438 4654 Suastum

140 4673 167 4728 et
183 4672 282 4727 Indum
301 4672 385 4730 sitam
403 4671 491 4728 fuisse
509 4671 685 4730 Ptolemaeus
704 4671 785 4728 nobis
803 4672 931 4729 tradidit.
974 4674 1097 4738 ceterum
1120 4671 1237 4726 Suastus
1260 4673 1289 4726 et
1310 4670 1438 4726 Curaeus
