<?xml version="1.0" encoding="UTF-8"?>
<!DOCTYPE html PUBLIC "-//W3C//DTD XHTML 1.0 Transitional//EN"
    "http://www.w3.org/TR/xhtml1/DTD/xhtml1-transitional.dtd">
<html xmlns="http://www.w3.org/1999/xhtml" xml:lang="en" lang="en">
 <head>
  <title>
</title>
<meta http-equiv="Content-Type" content="text/html;charset=utf-8" />
  <meta name='ocr-system' content='tesseract 3.04.00' />
  <meta name='ocr-capabilities' content='ocr_page ocr_carea ocr_par ocr_line ocrx_word'/>
</head>
<body>
  <div class='ocr_page' id='page_1' title='image "./dealexandrimagn00anspgoog_0076.png"; bbox 0 0 3506 5306; ppageno 0'>
   <div class='ocr_carea' id='block_1_1' title="bbox 665 326 888 390">
    <p class='ocr_par' dir='ltr' id='par_1_1' title="bbox 665 326 888 390">
     <span class='ocr_line' id='line_1_1' title="bbox 665 326 888 390; baseline -0.004 -17"><span class='ocrx_word' id='word_1_1' title='bbox 665 326 888 390; x_wconf 73' lang='grc'><strong>-69-</strong></span> 
     </span>
    </p>
   </div>
   <div class='ocr_carea' id='block_1_2' title="bbox 114 502 1433 690">
    <p class='ocr_par' dir='ltr' id='par_1_2' title="bbox 114 502 1433 690">
     <span class='ocr_line' id='line_1_2' title="bbox 115 502 1433 588; baseline -0.003 -18"><span class='ocrx_word' id='word_1_2' title='bbox 115 507 178 570; x_wconf 88' lang='lat' dir='ltr'><strong>dit.</strong></span> <span class='ocrx_word' id='word_1_3' title='bbox 229 504 383 570; x_wconf 84' lang='lat' dir='ltr'><strong>etaltera</strong></span> <span class='ocrx_word' id='word_1_4' title='bbox 408 505 458 569; x_wconf 92' lang='lat' dir='ltr'><strong>die</strong></span> <span class='ocrx_word' id='word_1_5' title='bbox 482 505 522 569; x_wconf 91' lang='lat' dir='ltr'><strong>ab</strong></span> <span class='ocrx_word' id='word_1_6' title='bbox 545 505 680 588; x_wconf 89' lang='lat' dir='ltr'><strong>Hyaroti</strong></span> <span class='ocrx_word' id='word_1_7' title='bbox 704 504 803 568; x_wconf 78' lang='lat' dir='ltr'><strong>fluvio</strong></span> <span class='ocrx_word' id='word_1_8' title='bbox 831 503 995 588; x_wconf 87' lang='lat' dir='ltr'><strong>profectus</strong></span> <span class='ocrx_word' id='word_1_9' title='bbox 1026 503 1066 566; x_wconf 89' lang='lat' dir='ltr'><strong>ad</strong></span> <span class='ocrx_word' id='word_1_10' title='bbox 1094 503 1207 566; x_wconf 91' lang='lat' dir='ltr'><strong>urbem</strong></span> <span class='ocrx_word' id='word_1_11' title='bbox 1235 503 1325 567; x_wconf 86' lang='lat' dir='ltr'><strong>venit</strong></span> <span class='ocrx_word' id='word_1_12' title='bbox 1348 502 1433 566; x_wconf 93' lang='lat' dir='ltr'><strong>Pim-</strong></span> 
     </span>
     <span class='ocr_line' id='line_1_3' title="bbox 114 599 1433 690; baseline -0.003 -22"><span class='ocrx_word' id='word_1_13' title='bbox 114 627 236 689; x_wconf 89' lang='lat' dir='ltr'><strong>prama</strong></span> <span class='ocrx_word' id='word_1_14' title='bbox 268 605 459 688; x_wconf 88' lang='lat' dir='ltr'><strong>appellatam</strong></span> <span class='ocrx_word' id='word_1_15' title='bbox 469 600 536 690; x_wconf 71' lang='lat'>²²⁰)3</span> <span class='ocrx_word' id='word_1_16' title='bbox 567 603 710 688; x_wconf 85' lang='lat' dir='ltr'>regionis</span> <span class='ocrx_word' id='word_1_17' title='bbox 738 601 862 666; x_wconf 82' lang='lat' dir='ltr'>incolae</span> <span class='ocrx_word' id='word_1_18' title='bbox 885 599 1150 688; x_wconf 64' lang='lat' dir='ltr'><strong>Adraistaeffl)</strong></span> <span class='ocrx_word' id='word_1_19' title='bbox 1173 600 1433 665; x_wconf 78' lang='lat' dir='ltr'><strong>nominabantur.</strong></span> 
     </span>
    </p>
   </div>
   <div class='ocr_carea' id='block_1_3' title="bbox 116 811 1434 885">
    <p class='ocr_par' dir='ltr' id='par_1_3' title="bbox 116 811 1434 885">
     <span class='ocr_line' id='line_1_4' title="bbox 116 811 1434 885; baseline -0.004 -16"><span class='ocrx_word' id='word_1_20' title='bbox 116 818 147 869; x_wconf 92' lang='lat' dir='ltr'><strong>et</strong></span> <span class='ocrx_word' id='word_1_21' title='bbox 171 815 280 885; x_wconf 80' lang='lat' dir='ltr'>Phegei</span> <span class='ocrx_word' id='word_1_22' title='bbox 306 831 394 885; x_wconf 88' lang='lat' dir='ltr'><strong>regna</strong></span> <span class='ocrx_word' id='word_1_23' title='bbox 416 814 494 868; x_wconf 85' lang='lat' dir='ltr'><strong>venit</strong></span> <span class='ocrx_word' id='word_1_24' title='bbox 521 814 556 868; x_wconf 87' lang='lat' dir='ltr'><strong>cf.</strong></span> <span class='ocrx_word' id='word_1_25' title='bbox 572 812 646 868; x_wconf 80' lang='lat' dir='ltr'><strong>(lurt.</strong></span> <span class='ocrx_word' id='word_1_26' title='bbox 661 813 712 881; x_wconf 84' lang='lat' dir='ltr'><strong>IX,</strong></span> <span class='ocrx_word' id='word_1_27' title='bbox 728 818 840 882; x_wconf 79' lang='lat' dir='ltr'><strong>1,35sq.</strong></span> <span class='ocrx_word' id='word_1_28' title='bbox 864 813 945 868; x_wconf 89' lang='lat' dir='ltr'>Diod.</span> <span class='ocrx_word' id='word_1_29' title='bbox 960 811 1050 880; x_wconf 82' lang='lat' dir='ltr'>XVII,</span> <span class='ocrx_word' id='word_1_30' title='bbox 1065 817 1125 881; x_wconf 80' lang='lat'><strong>93,1</strong></span> <span class='ocrx_word' id='word_1_31' title='bbox 1137 830 1176 881; x_wconf 91' lang='lat' dir='ltr'><strong>sq.</strong></span> <span class='ocrx_word' id='word_1_32' title='bbox 1197 829 1270 880; x_wconf 90' lang='lat' dir='ltr'><strong>quae</strong></span> <span class='ocrx_word' id='word_1_33' title='bbox 1293 812 1348 865; x_wconf 90' lang='lat' dir='ltr'><strong>sita</strong></span> <span class='ocrx_word' id='word_1_34' title='bbox 1374 827 1434 865; x_wconf 87' lang='lat' dir='ltr'><strong>esse</strong></span> 
     </span>
    </p>
   </div>
   <div class='ocr_carea' id='block_1_4' title="bbox 0 857 1433 956">
    <p class='ocr_par' dir='ltr' id='par_1_4' title="bbox 0 857 1433 956">
     <span class='ocr_line' id='line_1_5' title="bbox 0 857 1433 956; baseline -0.003 -15"><span class='ocrx_word' id='word_1_35' title='bbox 0 857 1 892; x_wconf 22' lang='grc' dir='ltr'>ἶ</span> <span class='ocrx_word' id='word_1_36' title='bbox 115 886 195 941; x_wconf 80' lang='lat' dir='ltr'><strong>infra</strong></span> <span class='ocrx_word' id='word_1_37' title='bbox 215 887 378 940; x_wconf 86' lang='lat' dir='ltr'><strong>definiemus</strong></span> <span class='ocrx_word' id='word_1_38' title='bbox 397 887 471 940; x_wconf 90' lang='lat' dir='ltr'><strong>inter</strong></span> <span class='ocrx_word' id='word_1_39' title='bbox 489 885 696 956; x_wconf 83' lang='lat' dir='ltr'><strong>Reges-Ganga</strong></span> <span class='ocrx_word' id='word_1_40' title='bbox 714 887 743 938; x_wconf 91' lang='lat' dir='ltr'><strong>et</strong></span> <span class='ocrx_word' id='word_1_41' title='bbox 760 884 935 955; x_wconf 83' lang='lat' dir='ltr'><strong>Bau-Ganga</strong></span> <span class='ocrx_word' id='word_1_42' title='bbox 953 885 1060 938; x_wconf 85' lang='lat' dir='ltr'><strong>fluvios.</strong></span> <span class='ocrx_word' id='word_1_43' title='bbox 1097 901 1184 953; x_wconf 89' lang='lat' dir='ltr'><strong>prope</strong></span> <span class='ocrx_word' id='word_1_44' title='bbox 1203 884 1278 937; x_wconf 85' lang='lat' dir='ltr'><strong>enim</strong></span> <span class='ocrx_word' id='word_1_45' title='bbox 1296 884 1433 952; x_wconf 87' lang='lat' dir='ltr'><strong>posterio-</strong></span> 
     </span>
    </p>
   </div>
   <div class='ocr_carea' id='block_1_5' title="bbox 114 955 1435 1741">
    <p class='ocr_par' dir='ltr' id='par_1_5' title="bbox 114 955 1435 1741">
     <span class='ocr_line' id='line_1_6' title="bbox 114 955 1433 1024; baseline -0.004 -12"><span class='ocrx_word' id='word_1_46' title='bbox 114 976 179 1013; x_wconf 85' lang='lat' dir='ltr'><strong>rem</strong></span> <span class='ocrx_word' id='word_1_47' title='bbox 197 958 298 1011; x_wconf 89' lang='lat' dir='ltr'><strong>Mundi</strong></span> <span class='ocrx_word' id='word_1_48' title='bbox 321 957 366 1012; x_wconf 85' lang='lat' dir='ltr'><strong>vel</strong></span> <span class='ocrx_word' id='word_1_49' title='bbox 384 957 481 1011; x_wconf 88' lang='lat' dir='ltr'><strong>Mandi</strong></span> <span class='ocrx_word' id='word_1_50' title='bbox 504 957 549 1010; x_wconf 92' lang='lat' dir='ltr'><strong>vel</strong></span> <span class='ocrx_word' id='word_1_51' title='bbox 568 957 665 1010; x_wconf 91' lang='lat' dir='ltr'><strong>Mondi</strong></span> <span class='ocrx_word' id='word_1_52' title='bbox 689 959 779 1024; x_wconf 83' lang='lat' dir='ltr'><strong>extat,</strong></span> <span class='ocrx_word' id='word_1_53' title='bbox 802 956 852 1010; x_wconf 89' lang='lat' dir='ltr'><strong>ubi</strong></span> <span class='ocrx_word' id='word_1_54' title='bbox 877 957 944 1010; x_wconf 89' lang='lat' dir='ltr'><strong>salis</strong></span> <span class='ocrx_word' id='word_1_55' title='bbox 970 973 1050 1010; x_wconf 90' lang='lat' dir='ltr'><strong>mons</strong></span> <span class='ocrx_word' id='word_1_56' title='bbox 1072 957 1214 1009; x_wconf 89' lang='lat' dir='ltr'><strong>invenitur</strong></span> <span class='ocrx_word' id='word_1_57' title='bbox 1236 955 1322 1024; x_wconf 91' lang='lat' dir='ltr'><strong>inque</strong></span> <span class='ocrx_word' id='word_1_58' title='bbox 1346 955 1433 1008; x_wconf 88' lang='lat' dir='ltr'><strong>alveis</strong></span> 
     </span>
     <span class='ocr_line' id='line_1_7' title="bbox 116 1027 1433 1100; baseline -0.005 -16"><span class='ocrx_word' id='word_1_59' title='bbox 116 1029 313 1100; x_wconf 88' lang='lat' dir='ltr'><strong>superioribus</strong></span> <span class='ocrx_word' id='word_1_60' title='bbox 332 1029 429 1098; x_wconf 86' lang='lat' dir='ltr'><strong>Beyah</strong></span> <span class='ocrx_word' id='word_1_61' title='bbox 447 1028 502 1098; x_wconf 87' lang='lat' dir='ltr'><strong>(vel</strong></span> <span class='ocrx_word' id='word_1_62' title='bbox 520 1029 602 1097; x_wconf 88' lang='lat' dir='ltr'><strong>Beas)</strong></span> <span class='ocrx_word' id='word_1_63' title='bbox 623 1031 651 1082; x_wconf 91' lang='lat' dir='ltr'><strong>et</strong></span> <span class='ocrx_word' id='word_1_64' title='bbox 670 1027 757 1096; x_wconf 88' lang='lat' dir='ltr'><strong>Satlej</strong></span> <span class='ocrx_word' id='word_1_65' title='bbox 778 1027 925 1081; x_wconf 90' lang='lat' dir='ltr'><strong>fluviorum</strong></span> <span class='ocrx_word' id='word_1_66' title='bbox 944 1029 1085 1081; x_wconf 92' lang='lat' dir='ltr'><strong>invenitur</strong></span> <span class='ocrx_word' id='word_1_67' title='bbox 1104 1043 1203 1080; x_wconf 85' lang='lat' dir='ltr'><strong>annun</strong></span> <span class='ocrx_word' id='word_1_68' title='bbox 1221 1029 1433 1096; x_wconf 65' lang='lat' dir='ltr'><strong>argentumque,</strong></span> 
     </span>
     <span class='ocr_line' id='line_1_8' title="bbox 118 1097 1433 1169; baseline -0.004 -14"><span class='ocrx_word' id='word_1_69' title='bbox 118 1104 153 1155; x_wconf 86' lang='lat' dir='ltr'><strong>ut</strong></span> <span class='ocrx_word' id='word_1_70' title='bbox 178 1117 213 1155; x_wconf 79' lang='lat' dir='ltr'><strong>ea</strong></span> <span class='ocrx_word' id='word_1_71' title='bbox 237 1117 348 1169; x_wconf 88' lang='lat' dir='ltr'><strong>quoque</strong></span> <span class='ocrx_word' id='word_1_72' title='bbox 371 1116 444 1169; x_wconf 86' lang='lat' dir='ltr'><strong>quae</strong></span> <span class='ocrx_word' id='word_1_73' title='bbox 468 1100 568 1154; x_wconf 87' lang='lat' dir='ltr'><strong>Strabo</strong></span> <span class='ocrx_word' id='word_1_74' title='bbox 587 1099 638 1153; x_wconf 90' lang='lat' dir='ltr'><strong>XV</strong></span> <span class='ocrx_word' id='word_1_75' title='bbox 656 1118 683 1168; x_wconf 90' lang='lat' dir='ltr'><strong>p.</strong></span> <span class='ocrx_word' id='word_1_76' title='bbox 702 1105 753 1152; x_wconf 88' lang='grc'><strong>700</strong></span> <span class='ocrx_word' id='word_1_77' title='bbox 778 1102 875 1153; x_wconf 78' lang='lat' dir='ltr'><strong>namet</strong></span> <span class='ocrx_word' id='word_1_78' title='bbox 901 1100 950 1153; x_wconf 79' lang='lat' dir='ltr'><strong>aul</strong></span> <span class='ocrx_word' id='word_1_79' title='bbox 974 1107 1088 1169; x_wconf 80' lang='grc' dir='ltr'><strong><em>χρυσεῖα</em></strong></span> <span class='ocrx_word' id='word_1_80' title='bbox 1111 1097 1143 1152; x_wconf 74' lang='grc' dir='ltr'><strong>δὲ</strong></span> <span class='ocrx_word' id='word_1_81' title='bbox 1167 1098 1215 1152; x_wconf 82' lang='grc' dir='ltr'><strong>καλ</strong></span> <span class='ocrx_word' id='word_1_82' title='bbox 1238 1099 1372 1168; x_wconf 75' lang='grc' dir='ltr'><strong><em>ἀργυρεῖα</em></strong></span> <span class='ocrx_word' id='word_1_83' title='bbox 1395 1097 1433 1150; x_wconf 75' lang='grc' dir='ltr'><strong>οὐ</strong></span> 
     </span>
     <span class='ocr_line' id='line_1_9' title="bbox 118 1167 1434 1240; baseline -0.004 -14"><span class='ocrx_word' id='word_1_84' title='bbox 118 1173 208 1226; x_wconf 76' lang='grc' dir='ltr'><strong><em>πολὺ</em></strong></span> <span class='ocrx_word' id='word_1_85' title='bbox 229 1171 368 1226; x_wconf 76' lang='grc' dir='ltr'><strong><em>ἄπωθεν</em></strong></span> <span class='ocrx_word' id='word_1_86' title='bbox 388 1172 418 1226; x_wconf 75' lang='grc' dir='ltr'><strong>ἐν</strong></span> <span class='ocrx_word' id='word_1_87' title='bbox 437 1171 530 1233; x_wconf 70' lang='grc' dir='ltr'><strong><em>ἄλλοις</em></strong></span> <span class='ocrx_word' id='word_1_88' title='bbox 548 1171 697 1238; x_wconf 77' lang='grc' dir='ltr'><strong><em>ἱστορεῖται</em></strong></span> <span class='ocrx_word' id='word_1_89' title='bbox 716 1170 800 1237; x_wconf 79' lang='grc' dir='ltr'><strong><em>καλοί,</em></strong></span> <span class='ocrx_word' id='word_1_90' title='bbox 824 1172 862 1232; x_wconf 84' lang='grc' dir='ltr'><strong>ὡς</strong></span> <span class='ocrx_word' id='word_1_91' title='bbox 885 1169 1004 1238; x_wconf 77' lang='grc' dir='ltr'><strong><em>ἐδήλωσε</em></strong></span> <span class='ocrx_word' id='word_1_92' title='bbox 1024 1169 1130 1240; x_wconf 78' lang='grc' dir='ltr'><strong><em>Γόργος</em></strong></span> <span class='ocrx_word' id='word_1_93' title='bbox 1154 1169 1168 1223; x_wconf 86' lang='grc' dir='ltr'><strong><em>ὁ</em></strong></span> <span class='ocrx_word' id='word_1_94' title='bbox 1188 1169 1378 1238; x_wconf 81' lang='grc' dir='ltr'><strong><em>μεταλλεοτής·</em></strong></span> <span class='ocrx_word' id='word_1_95' title='bbox 1407 1167 1434 1222; x_wconf 79' lang='grc' dir='ltr'><strong>οἱ</strong></span> 
     </span>
     <span class='ocr_line' id='line_1_10' title="bbox 121 1237 1430 1312; baseline -0.004 -14"><span class='ocrx_word' id='word_1_96' title='bbox 121 1243 153 1298; x_wconf 77' lang='grc' dir='ltr'><strong>δὲ</strong></span> <span class='ocrx_word' id='word_1_97' title='bbox 170 1242 261 1298; x_wconf 75' lang='grc' dir='ltr'><strong><em>Ἰνδοὶ</em></strong></span> <span class='ocrx_word' id='word_1_98' title='bbox 279 1241 439 1312; x_wconf 75' lang='grc' dir='ltr'><strong><em>μεταλλείας</em></strong></span> <span class='ocrx_word' id='word_1_99' title='bbox 457 1243 505 1296; x_wconf 81' lang='grc' dir='ltr'><strong>καὶ</strong></span> <span class='ocrx_word' id='word_1_100' title='bbox 525 1240 642 1312; x_wconf 65' lang='lat' dir='ltr'><strong>garsias</strong></span> <span class='ocrx_word' id='word_1_101' title='bbox 660 1239 782 1310; x_wconf 80' lang='grc' dir='ltr'><strong>ἀπείρως</strong></span> <span class='ocrx_word' id='word_1_102' title='bbox 801 1243 910 1312; x_wconf 75' lang='grc' dir='ltr'><strong><em>ἔχοντες</em></strong></span> <span class='ocrx_word' id='word_1_103' title='bbox 929 1241 991 1296; x_wconf 78' lang='lat' dir='ltr'><strong>oto&#39;</strong></span> <span class='ocrx_word' id='word_1_104' title='bbox 1009 1238 1049 1296; x_wconf 76' lang='grc' dir='ltr'><strong>ὧν</strong></span> <span class='ocrx_word' id='word_1_105' title='bbox 1068 1243 1236 1308; x_wconf 79' lang='grc' dir='ltr'><em>εὐποροῦσιν</em></span> <span class='ocrx_word' id='word_1_106' title='bbox 1255 1240 1357 1308; x_wconf 80' lang='grc' dir='ltr'><strong><em>ἴσασιν,</em></strong></span> <span class='ocrx_word' id='word_1_107' title='bbox 1376 1237 1430 1293; x_wconf 85' lang='grc' dir='ltr'><strong><em>ἀλλ’</em></strong></span> 
     </span>
     <span class='ocr_line' id='line_1_11' title="bbox 117 1311 1434 1386; baseline -0.003 -18"><span class='ocrx_word' id='word_1_108' title='bbox 117 1314 357 1383; x_wconf 76' lang='grc' dir='ltr'><strong><em>ἁπλούστερον</em></strong></span> <span class='ocrx_word' id='word_1_109' title='bbox 381 1312 678 1386; x_wconf 76' lang='grc' dir='ltr'><strong><em>μεταχειρίζονται</em></strong></span> <span class='ocrx_word' id='word_1_110' title='bbox 701 1314 736 1367; x_wconf 85' lang='grc' dir='ltr'><strong><em>τὸ</em></strong></span> <span class='ocrx_word' id='word_1_111' title='bbox 762 1321 913 1382; x_wconf 81' lang='grc' dir='ltr'><strong><em>πρᾶγμα,</em></strong></span> <span class='ocrx_word' id='word_1_112' title='bbox 932 1314 969 1366; x_wconf 89' lang='lat' dir='ltr'><strong>ad</strong></span> <span class='ocrx_word' id='word_1_113' title='bbox 987 1313 1058 1366; x_wconf 87' lang='lat' dir='ltr'><strong>haec</strong></span> <span class='ocrx_word' id='word_1_114' title='bbox 1076 1312 1140 1365; x_wconf 84' lang='lat' dir='ltr'><strong>loca</strong></span> <span class='ocrx_word' id='word_1_115' title='bbox 1157 1315 1270 1366; x_wconf 85' lang='lat' dir='ltr'><strong>tantum</strong></span> <span class='ocrx_word' id='word_1_116' title='bbox 1287 1311 1434 1366; x_wconf 87' lang='lat' dir='ltr'><strong>referenda</strong></span> 
     </span>
     <span class='ocr_line' id='line_1_12' title="bbox 116 1383 1435 1456; baseline -0.002 -17"><span class='ocrx_word' id='word_1_117' title='bbox 116 1387 271 1440; x_wconf 88' lang='lat' dir='ltr'><strong>videantur</strong></span> <span class='ocrx_word' id='word_1_118' title='bbox 289 1402 357 1440; x_wconf 87' lang='lat' dir='ltr'><strong>esse.</strong></span> <span class='ocrx_word' id='word_1_119' title='bbox 394 1395 509 1456; x_wconf 83' lang='grc' dir='ltr'><strong><em>χρυσεῖα</em></strong></span> <span class='ocrx_word' id='word_1_120' title='bbox 527 1385 579 1439; x_wconf 89' lang='lat' dir='ltr'><strong>illa</strong></span> <span class='ocrx_word' id='word_1_121' title='bbox 597 1387 626 1439; x_wconf 90' lang='lat' dir='ltr'><strong>et</strong></span> <span class='ocrx_word' id='word_1_122' title='bbox 645 1385 779 1454; x_wconf 76' lang='grc' dir='ltr'><strong><em>ἀργυρεῖα</em></strong></span> <span class='ocrx_word' id='word_1_123' title='bbox 798 1401 854 1438; x_wconf 90' lang='lat' dir='ltr'><strong>non</strong></span> <span class='ocrx_word' id='word_1_124' title='bbox 872 1385 963 1438; x_wconf 90' lang='lat' dir='ltr'><strong>minas</strong></span> <span class='ocrx_word' id='word_1_125' title='bbox 982 1401 1052 1452; x_wconf 88' lang='lat' dir='ltr'><strong>quas</strong></span> <span class='ocrx_word' id='word_1_126' title='bbox 1072 1384 1171 1437; x_wconf 91' lang='lat' dir='ltr'><strong>dicunt</strong></span> <span class='ocrx_word' id='word_1_127' title='bbox 1189 1385 1251 1437; x_wconf 90' lang='lat' dir='ltr'><strong>auri</strong></span> <span class='ocrx_word' id='word_1_128' title='bbox 1265 1383 1310 1437; x_wconf 88' lang='lat' dir='ltr'><strong>vel</strong></span> <span class='ocrx_word' id='word_1_129' title='bbox 1324 1383 1435 1453; x_wconf 91' lang='lat' dir='ltr'><strong>argenti</strong></span> 
     </span>
     <span class='ocr_line' id='line_1_13' title="bbox 118 1454 1434 1528; baseline -0.003 -17"><span class='ocrx_word' id='word_1_130' title='bbox 118 1458 281 1528; x_wconf 85' lang='lat' dir='ltr'><strong>significare</strong></span> <span class='ocrx_word' id='word_1_131' title='bbox 304 1460 374 1527; x_wconf 90' lang='lat' dir='ltr'><strong>puto</strong></span> <span class='ocrx_word' id='word_1_132' title='bbox 398 1458 448 1511; x_wconf 90' lang='lat' dir='ltr'><strong>sed</strong></span> <span class='ocrx_word' id='word_1_133' title='bbox 475 1457 539 1511; x_wconf 90' lang='lat' dir='ltr'><strong>loca</strong></span> <span class='ocrx_word' id='word_1_134' title='bbox 565 1457 615 1510; x_wconf 89' lang='lat' dir='ltr'><strong>ubi</strong></span> <span class='ocrx_word' id='word_1_135' title='bbox 643 1473 743 1510; x_wconf 90' lang='lat' dir='ltr'><strong>aurum</strong></span> <span class='ocrx_word' id='word_1_136' title='bbox 766 1458 795 1510; x_wconf 89' lang='lat' dir='ltr'><strong>et</strong></span> <span class='ocrx_word' id='word_1_137' title='bbox 818 1459 966 1526; x_wconf 91' lang='lat' dir='ltr'><strong>argentum</strong></span> <span class='ocrx_word' id='word_1_138' title='bbox 991 1458 1021 1509; x_wconf 92' lang='lat' dir='ltr'><strong>in</strong></span> <span class='ocrx_word' id='word_1_139' title='bbox 1039 1454 1182 1508; x_wconf 89' lang='lat' dir='ltr'><strong>montibus</strong></span> <span class='ocrx_word' id='word_1_140' title='bbox 1201 1454 1333 1508; x_wconf 90' lang='lat' dir='ltr'><strong>obrutum</strong></span> <span class='ocrx_word' id='word_1_141' title='bbox 1351 1455 1434 1520; x_wconf 89' lang='lat' dir='ltr'><strong>iacet,</strong></span> 
     </span>
     <span class='ocr_line' id='line_1_14' title="bbox 118 1526 1435 1669; baseline -0.003 -15"><span class='ocrx_word' id='word_1_142' title='bbox 118 1529 370 1669; x_wconf 53' lang='lat' dir='ltr'><strong>ttllgtttqttt</strong></span> <span class='ocrx_word' id='word_1_143' title='bbox 389 1531 423 1654; x_wconf 73' lang='lat' dir='ltr'><strong>ll</strong></span> <span class='ocrx_word' id='word_1_144' title='bbox 441 1526 1212 1668; x_wconf 60' lang='lat' dir='ltr'><strong>lthta⁶l⁰t¹lltlatttt⁵illittltffltt</strong></span> <span class='ocrx_word' id='word_1_145' title='bbox 1231 1529 1435 1666; x_wconf 53' lang='lat' dir='ltr'><strong>titillet&amp;</strong></span> 
     </span>
     <span class='ocr_line' id='line_1_15' title="bbox 118 1669 1435 1741; baseline -0.003 -15"><span class='ocrx_word' id='word_1_146' title='bbox 118 1672 236 1726; x_wconf 89' lang='lat' dir='ltr'><strong>illorum</strong></span> <span class='ocrx_word' id='word_1_147' title='bbox 253 1671 414 1741; x_wconf 77' lang='lat' dir='ltr'><strong>principum</strong></span> <span class='ocrx_word' id='word_1_148' title='bbox 431 1673 575 1741; x_wconf 80' lang='lat' dir='ltr'><strong>regionem</strong></span> <span class='ocrx_word' id='word_1_149' title='bbox 593 1672 671 1725; x_wconf 83' lang='lat' dir='ltr'><strong>venit</strong></span> <span class='ocrx_word' id='word_1_150' title='bbox 684 1671 844 1725; x_wconf 86' lang='lat' dir='ltr'><strong>Alexander</strong></span> <span class='ocrx_word' id='word_1_151' title='bbox 863 1671 934 1724; x_wconf 88' lang='lat' dir='ltr'><strong>alias</strong></span> <span class='ocrx_word' id='word_1_152' title='bbox 955 1670 1105 1724; x_wconf 84' lang='lat' dir='ltr'><strong>nonnullas</strong></span> <span class='ocrx_word' id='word_1_153' title='bbox 1124 1669 1207 1723; x_wconf 89' lang='lat' dir='ltr'><strong>urbes</strong></span> <span class='ocrx_word' id='word_1_154' title='bbox 1222 1685 1351 1739; x_wconf 87' lang='lat' dir='ltr'><strong>agressus</strong></span> <span class='ocrx_word' id='word_1_155' title='bbox 1367 1671 1435 1735; x_wconf 89' lang='lat' dir='ltr'><strong>erat,</strong></span> 
     </span>
    </p>
   </div>
   <div class='ocr_carea' id='block_1_6' title="bbox 2 1740 1436 1812">
    <p class='ocr_par' dir='ltr' id='par_1_6' title="bbox 2 1740 1436 1812">
     <span class='ocr_line' id='line_1_16' title="bbox 2 1740 1436 1812; baseline -0.003 -15"><span class='ocrx_word' id='word_1_156' title='bbox 2 1776 6 1791; x_wconf 85' lang='lat'>·</span> <span class='ocrx_word' id='word_1_157' title='bbox 118 1743 196 1797; x_wconf 89' lang='lat' dir='ltr'><strong>inter</strong></span> <span class='ocrx_word' id='word_1_158' title='bbox 224 1759 294 1811; x_wconf 89' lang='lat' dir='ltr'><strong>quas</strong></span> <span class='ocrx_word' id='word_1_159' title='bbox 319 1741 506 1798; x_wconf 87' lang='lat' dir='ltr'><strong>Cathaeorum</strong></span> <span class='ocrx_word' id='word_1_160' title='bbox 529 1742 654 1812; x_wconf 82' lang='lat' dir='ltr'><strong>Sangala</strong></span> <span class='ocrx_word' id='word_1_161' title='bbox 682 1745 769 1796; x_wconf 91' lang='lat' dir='ltr'><strong>erant.</strong></span> <span class='ocrx_word' id='word_1_162' title='bbox 812 1742 1008 1812; x_wconf 81' lang='lat' dir='ltr'><strong>Ounningham</strong></span> <span class='ocrx_word' id='word_1_163' title='bbox 1030 1743 1044 1795; x_wconf 94' lang='lat'>1</span> <span class='ocrx_word' id='word_1_164' title='bbox 1070 1760 1097 1811; x_wconf 91' lang='lat' dir='ltr'><strong>p.</strong></span> <span class='ocrx_word' id='word_1_165' title='bbox 1114 1746 1165 1795; x_wconf 90' lang='lat'><strong>180</strong></span> <span class='ocrx_word' id='word_1_166' title='bbox 1192 1744 1288 1796; x_wconf 88' lang='lat' dir='ltr'><strong>vetera</strong></span> <span class='ocrx_word' id='word_1_167' title='bbox 1312 1740 1436 1811; x_wconf 85' lang='lat' dir='ltr'><strong>Sangala</strong></span> 
     </span>
    </p>
   </div>
   <div class='ocr_carea' id='block_1_7' title="bbox 0 11 5 2224">
    <p class='ocr_par' dir='ltr' id='par_1_7' title="bbox 0 11 5 2224">
     <span class='ocr_line' id='line_1_17' title="bbox 0 11 5 2224; baseline 0 0"><span class='ocrx_word' id='word_1_168' title='bbox 0 11 5 2224; x_wconf 95' lang='lat' dir='ltr'><strong> </strong></span> 
     </span>
    </p>
   </div>
   <div class='ocr_carea' id='block_1_8' title="bbox 117 1811 1438 4816">
    <p class='ocr_par' dir='ltr' id='par_1_8' title="bbox 117 1811 1438 4528">
     <span class='ocr_line' id='line_1_18' title="bbox 117 1811 1435 1882; baseline -0.002 -15"><span class='ocrx_word' id='word_1_169' title='bbox 117 1815 196 1868; x_wconf 90' lang='lat' dir='ltr'><strong>inter</strong></span> <span class='ocrx_word' id='word_1_170' title='bbox 209 1814 359 1868; x_wconf 88' lang='lat' dir='ltr'><strong>Acesinem</strong></span> <span class='ocrx_word' id='word_1_171' title='bbox 377 1817 406 1868; x_wconf 90' lang='lat' dir='ltr'><strong>et</strong></span> <span class='ocrx_word' id='word_1_172' title='bbox 419 1814 568 1882; x_wconf 83' lang='lat' dir='ltr'><strong>Hyarotim</strong></span> <span class='ocrx_word' id='word_1_173' title='bbox 585 1813 684 1867; x_wconf 89' lang='lat' dir='ltr'><strong>fluvios</strong></span> <span class='ocrx_word' id='word_1_174' title='bbox 703 1813 758 1866; x_wconf 90' lang='lat' dir='ltr'><strong>sita</strong></span> <span class='ocrx_word' id='word_1_175' title='bbox 778 1830 838 1867; x_wconf 87' lang='lat' dir='ltr'><strong>esse</strong></span> <span class='ocrx_word' id='word_1_176' title='bbox 857 1813 1030 1867; x_wconf 82' lang='lat' dir='ltr'><strong>existimavit</strong></span> <span class='ocrx_word' id='word_1_177' title='bbox 1043 1830 1075 1867; x_wconf 93' lang='lat' dir='ltr'><strong>eo</strong></span> <span class='ocrx_word' id='word_1_178' title='bbox 1090 1812 1151 1866; x_wconf 94' lang='lat' dir='ltr'><strong>loco</strong></span> <span class='ocrx_word' id='word_1_179' title='bbox 1165 1812 1215 1866; x_wconf 92' lang='lat' dir='ltr'><strong>ubi</strong></span> <span class='ocrx_word' id='word_1_180' title='bbox 1229 1829 1303 1866; x_wconf 88' lang='lat' dir='ltr'><strong>nunc</strong></span> <span class='ocrx_word' id='word_1_181' title='bbox 1318 1811 1435 1882; x_wconf 87' lang='lat' dir='ltr'><strong>Sangla-</strong></span> 
     </span>
     <span class='ocr_line' id='line_1_19' title="bbox 118 1883 1436 1956; baseline -0.002 -18"><span class='ocrx_word' id='word_1_182' title='bbox 118 1885 281 1940; x_wconf 82' lang='lat' dir='ltr'><strong>wala-Tibe</strong></span> <span class='ocrx_word' id='word_1_183' title='bbox 295 1885 512 1956; x_wconf 71' lang='lat' dir='ltr'><strong>l‘Sanglahill&#39;)</strong></span> <span class='ocrx_word' id='word_1_184' title='bbox 532 1887 617 1940; x_wconf 88' lang='lat' dir='ltr'><strong>extat.</strong></span> <span class='ocrx_word' id='word_1_185' title='bbox 656 1885 755 1939; x_wconf 91' lang='lat' dir='ltr'><strong>omitto</strong></span> <span class='ocrx_word' id='word_1_186' title='bbox 775 1885 850 1954; x_wconf 90' lang='lat' dir='ltr'><strong>quod</strong></span> <span class='ocrx_word' id='word_1_187' title='bbox 869 1884 948 1938; x_wconf 88' lang='lat' dir='ltr'><strong>collis</strong></span> <span class='ocrx_word' id='word_1_188' title='bbox 967 1885 1059 1938; x_wconf 90' lang='lat' dir='ltr'><strong>minor</strong></span> <span class='ocrx_word' id='word_1_189' title='bbox 1076 1883 1132 1937; x_wconf 90' lang='lat' dir='ltr'><strong>fuit</strong></span> <span class='ocrx_word' id='word_1_190' title='bbox 1150 1900 1237 1951; x_wconf 89' lang='lat' dir='ltr'><strong>quam</strong></span> <span class='ocrx_word' id='word_1_191' title='bbox 1255 1883 1304 1952; x_wconf 90' lang='lat' dir='ltr'><strong>qui</strong></span> <span class='ocrx_word' id='word_1_192' title='bbox 1323 1887 1436 1952; x_wconf 90' lang='lat' dir='ltr'><strong>septua-</strong></span> 
     </span>
     <span class='ocr_line' id='line_1_20' title="bbox 118 1955 1436 2027; baseline -0.002 -17"><span class='ocrx_word' id='word_1_193' title='bbox 118 1957 203 2027; x_wconf 86' lang='lat' dir='ltr'><strong>ginta</strong></span> <span class='ocrx_word' id='word_1_194' title='bbox 231 1957 322 2011; x_wconf 90' lang='lat' dir='ltr'><strong>millia</strong></span> <span class='ocrx_word' id='word_1_195' title='bbox 349 1957 495 2012; x_wconf 90' lang='lat' dir='ltr'><strong>hominum</strong></span> <span class='ocrx_word' id='word_1_196' title='bbox 522 1957 646 2026; x_wconf 89' lang='lat' dir='ltr'><strong>potuerit</strong></span> <span class='ocrx_word' id='word_1_197' title='bbox 674 1973 774 2026; x_wconf 89' lang='lat' dir='ltr'><strong>capere</strong></span> <span class='ocrx_word' id='word_1_198' title='bbox 797 1959 910 2025; x_wconf 86' lang='lat' dir='ltr'><strong>praeter</strong></span> <span class='ocrx_word' id='word_1_199' title='bbox 933 1956 1125 2026; x_wconf 83' lang='lat' dir='ltr'><strong>septendecim</strong></span> <span class='ocrx_word' id='word_1_200' title='bbox 1147 1955 1238 2009; x_wconf 92' lang='lat' dir='ltr'><strong>millia</strong></span> <span class='ocrx_word' id='word_1_201' title='bbox 1262 1971 1334 2024; x_wconf 90' lang='lat' dir='ltr'><strong>quae</strong></span> <span class='ocrx_word' id='word_1_202' title='bbox 1354 1971 1436 2009; x_wconf 87' lang='lat' dir='ltr'><strong>caesa</strong></span> 
     </span>
     <span class='ocr_line' id='line_1_21' title="bbox 119 2026 1437 2100; baseline -0.002 -18"><span class='ocrx_word' id='word_1_203' title='bbox 119 2031 195 2082; x_wconf 88' lang='lat' dir='ltr'><strong>sunt.</strong></span> <span class='ocrx_word' id='word_1_204' title='bbox 235 2029 284 2082; x_wconf 94' lang='lat' dir='ltr'><strong>sed</strong></span> <span class='ocrx_word' id='word_1_205' title='bbox 304 2028 501 2100; x_wconf 83' lang='lat' dir='ltr'><strong>Cunnlngham</strong></span> <span class='ocrx_word' id='word_1_206' title='bbox 523 2028 637 2098; x_wconf 89' lang='lat' dir='ltr'><strong>putavit</strong></span> <span class='ocrx_word' id='word_1_207' title='bbox 654 2027 833 2082; x_wconf 86' lang='lat' dir='ltr'><strong>vehementer</strong></span> <span class='ocrx_word' id='word_1_208' title='bbox 856 2044 963 2082; x_wconf 89' lang='lat' dir='ltr'><strong>errasse</strong></span> <span class='ocrx_word' id='word_1_209' title='bbox 987 2030 1016 2082; x_wconf 93' lang='lat' dir='ltr'><strong>et</strong></span> <span class='ocrx_word' id='word_1_210' title='bbox 1034 2027 1185 2080; x_wconf 89' lang='lat' dir='ltr'><strong>Arrianum</strong></span> <span class='ocrx_word' id='word_1_211' title='bbox 1204 2028 1233 2080; x_wconf 90' lang='lat' dir='ltr'><strong>et</strong></span> <span class='ocrx_word' id='word_1_212' title='bbox 1251 2026 1378 2081; x_wconf 81' lang='lat' dir='ltr'><strong>Curtium</strong></span> <span class='ocrx_word' id='word_1_213' title='bbox 1397 2029 1437 2096; x_wconf 87' lang='lat' dir='ltr'><strong>(et</strong></span> 
     </span>
     <span class='ocr_line' id='line_1_22' title="bbox 118 2097 1437 2169; baseline -0.002 -16"><span class='ocrx_word' id='word_1_214' title='bbox 118 2099 299 2168; x_wconf 86' lang='lat' dir='ltr'><strong>Diodorum),</strong></span> <span class='ocrx_word' id='word_1_215' title='bbox 328 2101 378 2168; x_wconf 88' lang='lat' dir='ltr'><strong>qui</strong></span> <span class='ocrx_word' id='word_1_216' title='bbox 405 2102 483 2153; x_wconf 88' lang='lat' dir='ltr'><strong>trans</strong></span> <span class='ocrx_word' id='word_1_217' title='bbox 506 2099 655 2169; x_wconf 84' lang='lat' dir='ltr'><strong>Hyarotim</strong></span> <span class='ocrx_word' id='word_1_218' title='bbox 682 2099 797 2152; x_wconf 87' lang='lat' dir='ltr'><strong>fluvium</strong></span> <span class='ocrx_word' id='word_1_219' title='bbox 821 2099 958 2154; x_wconf 85' lang='lat' dir='ltr'><strong>Cathaeos</strong></span> <span class='ocrx_word' id='word_1_220' title='bbox 986 2099 1147 2153; x_wconf 81' lang='lat' dir='ltr'><strong>habitantes</strong></span> <span class='ocrx_word' id='word_1_221' title='bbox 1170 2097 1311 2152; x_wconf 86' lang='lat' dir='ltr'><strong>fecissent.</strong></span> <span class='ocrx_word' id='word_1_222' title='bbox 1348 2097 1437 2152; x_wconf 91' lang='lat' dir='ltr'><strong>talem</strong></span> 
     </span>
     <span class='ocr_line' id='line_1_23' title="bbox 119 2169 1437 2240; baseline -0.003 -16"><span class='ocrx_word' id='word_1_223' title='bbox 119 2187 244 2225; x_wconf 89' lang='lat' dir='ltr'><strong>errorem</strong></span> <span class='ocrx_word' id='word_1_224' title='bbox 263 2171 397 2225; x_wconf 85' lang='lat' dir='ltr'><strong>confiteor</strong></span> <span class='ocrx_word' id='word_1_225' title='bbox 414 2188 459 2226; x_wconf 91' lang='lat' dir='ltr'><strong>me</strong></span> <span class='ocrx_word' id='word_1_226' title='bbox 478 2188 569 2240; x_wconf 90' lang='lat' dir='ltr'><strong>neque</strong></span> <span class='ocrx_word' id='word_1_227' title='bbox 583 2170 697 2224; x_wconf 90' lang='lat' dir='ltr'><strong>Arriani</strong></span> <span class='ocrx_word' id='word_1_228' title='bbox 714 2187 807 2239; x_wconf 85' lang='lat' dir='ltr'><strong>neque</strong></span> <span class='ocrx_word' id='word_1_229' title='bbox 822 2171 912 2225; x_wconf 84' lang='lat' dir='ltr'><strong>Curtii</strong></span> <span class='ocrx_word' id='word_1_230' title='bbox 931 2170 1091 2224; x_wconf 86' lang='lat' dir='ltr'><strong>auctoribus</strong></span> <span class='ocrx_word' id='word_1_231' title='bbox 1106 2169 1241 2238; x_wconf 83' lang='lat' dir='ltr'><strong>tribuere.</strong></span> <span class='ocrx_word' id='word_1_232' title='bbox 1280 2172 1311 2224; x_wconf 89' lang='lat' dir='ltr'><strong>at</strong></span> <span class='ocrx_word' id='word_1_233' title='bbox 1328 2169 1437 2223; x_wconf 85' lang='lat' dir='ltr'><strong>invenit</strong></span> 
     </span>
     <span class='ocr_line' id='line_1_24' title="bbox 118 2240 1436 2312; baseline -0.002 -16"><span class='ocrx_word' id='word_1_234' title='bbox 118 2243 162 2296; x_wconf 88' lang='lat' dir='ltr'><strong>ibi</strong></span> <span class='ocrx_word' id='word_1_235' title='bbox 188 2241 385 2312; x_wconf 82' lang='lat' dir='ltr'><strong>Cunningham</strong></span> <span class='ocrx_word' id='word_1_236' title='bbox 413 2243 500 2298; x_wconf 85' lang='lat' dir='ltr'><strong>etiam</strong></span> <span class='ocrx_word' id='word_1_237' title='bbox 528 2242 674 2312; x_wconf 85' lang='lat' dir='ltr'><strong>paludem,</strong></span> <span class='ocrx_word' id='word_1_238' title='bbox 702 2259 794 2312; x_wconf 89' lang='lat' dir='ltr'><strong>neque</strong></span> <span class='ocrx_word' id='word_1_239' title='bbox 822 2243 942 2296; x_wconf 89' lang='lat' dir='ltr'><strong>multum</strong></span> <span class='ocrx_word' id='word_1_240' title='bbox 970 2242 1094 2295; x_wconf 88' lang='lat' dir='ltr'><strong>absitum</strong></span> <span class='ocrx_word' id='word_1_241' title='bbox 1122 2240 1222 2295; x_wconf 91' lang='lat' dir='ltr'><strong>collem</strong></span> <span class='ocrx_word' id='word_1_242' title='bbox 1250 2258 1361 2310; x_wconf 86' lang='lat' dir='ltr'><strong>quoque</strong></span> <span class='ocrx_word' id='word_1_243' title='bbox 1386 2241 1436 2293; x_wconf 93' lang='lat' dir='ltr'><strong>ubi</strong></span> 
     </span>
     <span class='ocr_line' id='line_1_25' title="bbox 119 2311 1436 2383; baseline -0.002 -16"><span class='ocrx_word' id='word_1_244' title='bbox 119 2313 309 2383; x_wconf 89' lang='lat' dir='ltr'><strong>Sangalenses</strong></span> <span class='ocrx_word' id='word_1_245' title='bbox 334 2332 397 2368; x_wconf 92' lang='lat' dir='ltr'><strong>cum</strong></span> <span class='ocrx_word' id='word_1_246' title='bbox 415 2314 575 2368; x_wconf 82' lang='lat' dir='ltr'><strong>Alexandro</strong></span> <span class='ocrx_word' id='word_1_247' title='bbox 599 2316 783 2368; x_wconf 89' lang='lat' dir='ltr'><strong>certaverunt.</strong></span> <span class='ocrx_word' id='word_1_248' title='bbox 822 2314 871 2368; x_wconf 91' lang='lat' dir='ltr'><strong>sed</strong></span> <span class='ocrx_word' id='word_1_249' title='bbox 894 2313 993 2367; x_wconf 91' lang='lat' dir='ltr'><strong>eadem</strong></span> <span class='ocrx_word' id='word_1_250' title='bbox 1015 2312 1110 2382; x_wconf 86' lang='lat' dir='ltr'><strong>palus,</strong></span> <span class='ocrx_word' id='word_1_251' title='bbox 1134 2313 1222 2366; x_wconf 91' lang='lat' dir='ltr'><strong>iidem</strong></span> <span class='ocrx_word' id='word_1_252' title='bbox 1245 2311 1330 2366; x_wconf 89' lang='lat' dir='ltr'><strong>colles</strong></span> <span class='ocrx_word' id='word_1_253' title='bbox 1350 2311 1436 2366; x_wconf 90' lang='lat' dir='ltr'><strong>etiam</strong></span> 
     </span>
     <span class='ocr_line' id='line_1_26' title="bbox 118 2383 1435 2455; baseline -0.003 -16"><span class='ocrx_word' id='word_1_254' title='bbox 118 2386 156 2439; x_wconf 90' lang='lat' dir='ltr'><strong>ad</strong></span> <span class='ocrx_word' id='word_1_255' title='bbox 186 2385 285 2440; x_wconf 88' lang='lat' dir='ltr'><strong>urbem</strong></span> <span class='ocrx_word' id='word_1_256' title='bbox 312 2387 493 2455; x_wconf 90' lang='lat' dir='ltr'><strong>reperiuntur</strong></span> <span class='ocrx_word' id='word_1_257' title='bbox 520 2402 605 2454; x_wconf 87' lang='lat' dir='ltr'><strong>quam</strong></span> <span class='ocrx_word' id='word_1_258' title='bbox 628 2385 697 2439; x_wconf 91' lang='lat' dir='ltr'><strong>olim</strong></span> <span class='ocrx_word' id='word_1_259' title='bbox 719 2385 881 2454; x_wconf 88' lang='lat' dir='ltr'><strong>Pimprama</strong></span> <span class='ocrx_word' id='word_1_260' title='bbox 904 2387 1032 2438; x_wconf 90' lang='lat' dir='ltr'><strong>vocatam</strong></span> <span class='ocrx_word' id='word_1_261' title='bbox 1055 2401 1115 2438; x_wconf 90' lang='lat' dir='ltr'><strong>esse</strong></span> <span class='ocrx_word' id='word_1_262' title='bbox 1139 2384 1259 2452; x_wconf 83' lang='lat' dir='ltr'><strong>sumpsit</strong></span> <span class='ocrx_word' id='word_1_263' title='bbox 1278 2383 1435 2452; x_wconf 81' lang='lat' dir='ltr'><strong>Ounningh.</strong></span> 
     </span>
     <span class='ocr_line' id='line_1_27' title="bbox 120 2455 1436 2526; baseline -0.002 -16"><span class='ocrx_word' id='word_1_264' title='bbox 120 2457 229 2524; x_wconf 87' lang='lat' dir='ltr'><strong>Survey</strong></span> <span class='ocrx_word' id='word_1_265' title='bbox 246 2457 273 2509; x_wconf 88' lang='lat' dir='ltr'><strong>H</strong></span> <span class='ocrx_word' id='word_1_266' title='bbox 290 2475 317 2526; x_wconf 93' lang='lat' dir='ltr'><strong>p.</strong></span> <span class='ocrx_word' id='word_1_267' title='bbox 333 2463 393 2511; x_wconf 78' lang='lat'><strong>200.</strong></span> <span class='ocrx_word' id='word_1_268' title='bbox 432 2458 532 2511; x_wconf 90' lang='lat' dir='ltr'><strong>eadem</strong></span> <span class='ocrx_word' id='word_1_269' title='bbox 549 2457 731 2510; x_wconf 88' lang='lat' dir='ltr'><strong>inveniuntur</strong></span> <span class='ocrx_word' id='word_1_270' title='bbox 749 2457 786 2510; x_wconf 90' lang='lat' dir='ltr'><strong>ad</strong></span> <span class='ocrx_word' id='word_1_271' title='bbox 804 2457 902 2510; x_wconf 90' lang='lat' dir='ltr'><strong>urbem</strong></span> <span class='ocrx_word' id='word_1_272' title='bbox 921 2456 1057 2526; x_wconf 81' lang='lat' dir='ltr'><strong>Haripah,</strong></span> <span class='ocrx_word' id='word_1_273' title='bbox 1077 2471 1162 2524; x_wconf 90' lang='lat' dir='ltr'><strong>quam</strong></span> <span class='ocrx_word' id='word_1_274' title='bbox 1176 2455 1289 2509; x_wconf 83' lang='lat' dir='ltr'><strong>Messon</strong></span> <span class='ocrx_word' id='word_1_275' title='bbox 1309 2455 1436 2524; x_wconf 70' lang='lat' dir='ltr'><strong>(ciliar-</strong></span> 
     </span>
     <span class='ocr_line' id='line_1_28' title="bbox 118 2527 1436 2598; baseline -0.003 -16"><span class='ocrx_word' id='word_1_276' title='bbox 118 2531 174 2582; x_wconf 90' lang='lat' dir='ltr'><strong>rat.</strong></span> <span class='ocrx_word' id='word_1_277' title='bbox 190 2528 224 2581; x_wconf 85' lang='lat' dir='ltr'><strong>of</strong></span> <span class='ocrx_word' id='word_1_278' title='bbox 238 2545 295 2582; x_wconf 86' lang='lat' dir='ltr'><strong>var.</strong></span> <span class='ocrx_word' id='word_1_279' title='bbox 310 2528 406 2582; x_wconf 88' lang='lat' dir='ltr'><strong>Joum.</strong></span> <span class='ocrx_word' id='word_1_280' title='bbox 417 2529 437 2596; x_wconf 91' lang='lat' dir='ltr'><strong>I,</strong></span> <span class='ocrx_word' id='word_1_281' title='bbox 448 2535 513 2596; x_wconf 78' lang='lat'><strong>4533</strong></span> <span class='ocrx_word' id='word_1_282' title='bbox 532 2529 549 2582; x_wconf 92' lang='lat' dir='ltr'><strong>J</strong></span> <span class='ocrx_word' id='word_1_283' title='bbox 551 2546 627 2582; x_wconf 90' lang='lat' dir='ltr'><strong>ourn.</strong></span> <span class='ocrx_word' id='word_1_284' title='bbox 644 2529 676 2582; x_wconf 88' lang='lat' dir='ltr'><strong>of</strong></span> <span class='ocrx_word' id='word_1_285' title='bbox 686 2529 776 2583; x_wconf 88' lang='lat' dir='ltr'><strong>Asiat.</strong></span> <span class='ocrx_word' id='word_1_286' title='bbox 788 2528 848 2583; x_wconf 85' lang='lat' dir='ltr'><strong>Soc.</strong></span> <span class='ocrx_word' id='word_1_287' title='bbox 863 2529 895 2582; x_wconf 84' lang='lat' dir='ltr'><strong>oi</strong></span> <span class='ocrx_word' id='word_1_288' title='bbox 906 2528 1014 2598; x_wconf 90' lang='lat' dir='ltr'><strong>Bengal</strong></span> <span class='ocrx_word' id='word_1_289' title='bbox 1027 2527 1074 2595; x_wconf 90' lang='lat' dir='ltr'><strong>VI,</strong></span> <span class='ocrx_word' id='word_1_290' title='bbox 1085 2529 1129 2597; x_wconf 81' lang='lat'><strong>58)</strong></span> <span class='ocrx_word' id='word_1_291' title='bbox 1145 2527 1269 2596; x_wconf 80' lang='lat' dir='ltr'><strong>Sangala</strong></span> <span class='ocrx_word' id='word_1_292' title='bbox 1283 2527 1436 2582; x_wconf 85' lang='lat' dir='ltr'><strong>arbitratus</strong></span> 
     </span>
     <span class='ocr_line' id='line_1_29' title="bbox 120 2597 1438 2669; baseline -0.003 -15"><span class='ocrx_word' id='word_1_293' title='bbox 120 2602 175 2666; x_wconf 89' lang='lat' dir='ltr'><strong>est,</strong></span> <span class='ocrx_word' id='word_1_294' title='bbox 194 2599 274 2652; x_wconf 87' lang='lat' dir='ltr'><strong>ouius</strong></span> <span class='ocrx_word' id='word_1_295' title='bbox 294 2601 464 2654; x_wconf 85' lang='lat' dir='ltr'><strong>sententiam</strong></span> <span class='ocrx_word' id='word_1_296' title='bbox 480 2601 611 2669; x_wconf 87' lang='lat' dir='ltr'><strong>probavit</strong></span> <span class='ocrx_word' id='word_1_297' title='bbox 624 2599 735 2654; x_wconf 86' lang='lat' dir='ltr'><strong>Wilson</strong></span> <span class='ocrx_word' id='word_1_298' title='bbox 749 2599 856 2653; x_wconf 88' lang='lat' dir='ltr'><strong>Ariana</strong></span> <span class='ocrx_word' id='word_1_299' title='bbox 870 2600 965 2668; x_wconf 89' lang='lat' dir='ltr'><strong>Antiq.</strong></span> <span class='ocrx_word' id='word_1_300' title='bbox 981 2619 1008 2668; x_wconf 93' lang='lat' dir='ltr'><strong>p.</strong></span> <span class='ocrx_word' id='word_1_301' title='bbox 1020 2605 1079 2652; x_wconf 87' lang='grc'><strong>197.</strong></span> <span class='ocrx_word' id='word_1_302' title='bbox 1117 2597 1199 2668; x_wconf 88' lang='lat' dir='ltr'><strong>palus</strong></span> <span class='ocrx_word' id='word_1_303' title='bbox 1218 2598 1340 2667; x_wconf 91' lang='lat' dir='ltr'><strong>denique</strong></span> <span class='ocrx_word' id='word_1_304' title='bbox 1359 2600 1438 2652; x_wconf 87' lang='lat' dir='ltr'><strong>extat</strong></span> 
     </span>
     <span class='ocr_line' id='line_1_30' title="bbox 119 2669 1436 2742; baseline -0.002 -17"><span class='ocrx_word' id='word_1_305' title='bbox 119 2671 208 2725; x_wconf 89' lang='lat' dir='ltr'><strong>etiam</strong></span> <span class='ocrx_word' id='word_1_306' title='bbox 227 2671 265 2724; x_wconf 91' lang='lat' dir='ltr'><strong>ad</strong></span> <span class='ocrx_word' id='word_1_307' title='bbox 278 2671 417 2725; x_wconf 89' lang='lat' dir='ltr'><strong>Amritsar</strong></span> <span class='ocrx_word' id='word_1_308' title='bbox 434 2673 533 2726; x_wconf 88' lang='lat' dir='ltr'><strong>urbem</strong></span> <span class='ocrx_word' id='word_1_309' title='bbox 552 2672 619 2741; x_wconf 65' lang='lat' dir='ltr'><strong>(ber</strong></span> <span class='ocrx_word' id='word_1_310' title='bbox 636 2671 730 2742; x_wconf 70' lang='lat' dir='ltr'><strong>beiliga</strong></span> <span class='ocrx_word' id='word_1_311' title='bbox 744 2671 841 2742; x_wconf 65' lang='lat' dir='ltr'><strong>Scirty’)</strong></span> <span class='ocrx_word' id='word_1_312' title='bbox 861 2672 935 2724; x_wconf 90' lang='lat' dir='ltr'><strong>inter</strong></span> <span class='ocrx_word' id='word_1_313' title='bbox 949 2671 1097 2739; x_wconf 84' lang='lat' dir='ltr'><strong>Hyarotim</strong></span> <span class='ocrx_word' id='word_1_314' title='bbox 1116 2671 1144 2723; x_wconf 88' lang='lat' dir='ltr'><strong>et</strong></span> <span class='ocrx_word' id='word_1_315' title='bbox 1158 2669 1324 2738; x_wconf 90' lang='lat' dir='ltr'><strong>Hyphasim‚</strong></span> <span class='ocrx_word' id='word_1_316' title='bbox 1344 2670 1436 2736; x_wconf 89' lang='lat' dir='ltr'><strong>sitam,</strong></span> 
     </span>
     <span class='ocr_line' id='line_1_31' title="bbox 118 2741 1436 2812; baseline -0.002 -17"><span class='ocrx_word' id='word_1_317' title='bbox 118 2744 152 2795; x_wconf 88' lang='lat' dir='ltr'><strong>ut</strong></span> <span class='ocrx_word' id='word_1_318' title='bbox 173 2742 279 2796; x_wconf 87' lang='lat' dir='ltr'><strong>Lassen</strong></span> <span class='ocrx_word' id='word_1_319' title='bbox 293 2743 319 2795; x_wconf 88' lang='lat' dir='ltr'><strong>H</strong></span> <span class='ocrx_word' id='word_1_320' title='bbox 337 2761 365 2812; x_wconf 93' lang='lat' dir='ltr'><strong>p.</strong></span> <span class='ocrx_word' id='word_1_321' title='bbox 378 2749 428 2796; x_wconf 85' lang='grc'><strong>168</strong></span> <span class='ocrx_word' id='word_1_322' title='bbox 444 2743 507 2797; x_wconf 89' lang='lat' dir='ltr'><strong>adn.</strong></span> <span class='ocrx_word' id='word_1_323' title='bbox 521 2749 534 2796; x_wconf 92' lang='lat'>1</span> <span class='ocrx_word' id='word_1_324' title='bbox 551 2742 700 2812; x_wconf 90' lang='lat' dir='ltr'><strong>(probante</strong></span> <span class='ocrx_word' id='word_1_325' title='bbox 718 2759 808 2812; x_wconf 86' lang='lat' dir='ltr'><strong>nuper</strong></span> <span class='ocrx_word' id='word_1_326' title='bbox 821 2743 952 2796; x_wconf 88' lang='lat' dir='ltr'><strong>Kaerstio</strong></span> <span class='ocrx_word' id='word_1_327' title='bbox 965 2742 983 2796; x_wconf 87' lang='lat' dir='ltr'><strong>l.</strong></span> <span class='ocrx_word' id='word_1_328' title='bbox 994 2742 1012 2795; x_wconf 95' lang='lat' dir='ltr'><strong>l.</strong></span> <span class='ocrx_word' id='word_1_329' title='bbox 1023 2743 1036 2794; x_wconf 92' lang='lat' dir='ltr'>I</span> <span class='ocrx_word' id='word_1_330' title='bbox 1049 2761 1077 2811; x_wconf 90' lang='lat' dir='ltr'><strong>p.</strong></span> <span class='ocrx_word' id='word_1_331' title='bbox 1088 2748 1140 2795; x_wconf 81' lang='lat'><strong>365</strong></span> <span class='ocrx_word' id='word_1_332' title='bbox 1155 2741 1219 2794; x_wconf 89' lang='lat' dir='ltr'><strong>adn.</strong></span> <span class='ocrx_word' id='word_1_333' title='bbox 1236 2744 1262 2811; x_wconf 77' lang='lat'><strong>2)</strong></span> <span class='ocrx_word' id='word_1_334' title='bbox 1277 2741 1436 2810; x_wconf 86' lang='lat' dir='ltr'><strong>suspicatus</strong></span> 
     </span>
     <span class='ocr_line' id='line_1_32' title="bbox 120 2812 1437 2884; baseline -0.001 -18"><span class='ocrx_word' id='word_1_335' title='bbox 120 2814 167 2879; x_wconf 87' lang='lat' dir='ltr'><strong>sit,</strong></span> <span class='ocrx_word' id='word_1_336' title='bbox 187 2830 251 2867; x_wconf 89' lang='lat' dir='ltr'><strong>eam</strong></span> <span class='ocrx_word' id='word_1_337' title='bbox 269 2816 364 2868; x_wconf 91' lang='lat' dir='ltr'><strong>vetera</strong></span> <span class='ocrx_word' id='word_1_338' title='bbox 384 2815 507 2884; x_wconf 90' lang='lat' dir='ltr'><strong>Sangala</strong></span> <span class='ocrx_word' id='word_1_339' title='bbox 526 2814 621 2868; x_wconf 88' lang='lat' dir='ltr'><strong>fuisse.</strong></span> <span class='ocrx_word' id='word_1_340' title='bbox 660 2816 690 2868; x_wconf 90' lang='lat' dir='ltr'><strong>at</strong></span> <span class='ocrx_word' id='word_1_341' title='bbox 708 2815 808 2868; x_wconf 91' lang='lat' dir='ltr'><strong>eadem</strong></span> <span class='ocrx_word' id='word_1_342' title='bbox 826 2831 879 2868; x_wconf 86' lang='lat' dir='ltr'><strong>vox</strong></span> <span class='ocrx_word' id='word_1_343' title='bbox 903 2817 946 2867; x_wconf 89' lang='lat' dir='ltr'><strong>est</strong></span> <span class='ocrx_word' id='word_1_344' title='bbox 968 2815 999 2867; x_wconf 92' lang='lat' dir='ltr'><strong>in</strong></span> <span class='ocrx_word' id='word_1_345' title='bbox 1018 2812 1328 2884; x_wconf 82' lang='lat' dir='ltr'><strong>Sangla-wala-Tiba</strong></span> <span class='ocrx_word' id='word_1_346' title='bbox 1351 2814 1437 2881; x_wconf 88' lang='lat' dir='ltr'><strong>atque</strong></span> 
     </span>
     <span class='ocr_line' id='line_1_33' title="bbox 119 2883 1437 2954; baseline 0 -16"><span class='ocrx_word' id='word_1_347' title='bbox 119 2887 149 2938; x_wconf 92' lang='lat' dir='ltr'><strong>in</strong></span> <span class='ocrx_word' id='word_1_348' title='bbox 166 2885 298 2954; x_wconf 83' lang='lat' dir='ltr'><strong>Sangalie</strong></span> <span class='ocrx_word' id='word_1_349' title='bbox 313 2885 503 2940; x_wconf 82' lang='lat' dir='ltr'><strong>Graecorum?</strong></span> <span class='ocrx_word' id='word_1_350' title='bbox 535 2887 648 2939; x_wconf 88' lang='lat' dir='ltr'><strong>videtur</strong></span> <span class='ocrx_word' id='word_1_351' title='bbox 666 2901 733 2939; x_wconf 87' lang='lat' dir='ltr'><strong>sane</strong></span> <span class='ocrx_word' id='word_1_352' title='bbox 752 2886 782 2939; x_wconf 90' lang='lat' dir='ltr'><strong>et</strong></span> <span class='ocrx_word' id='word_1_353' title='bbox 800 2889 843 2939; x_wconf 87' lang='lat' dir='ltr'><strong>est</strong></span> <span class='ocrx_word' id='word_1_354' title='bbox 862 2888 945 2940; x_wconf 86' lang='lat' dir='ltr'><strong>certe.</strong></span> <span class='ocrx_word' id='word_1_355' title='bbox 978 2887 1074 2938; x_wconf 88' lang='lat' dir='ltr'><strong>tamen</strong></span> <span class='ocrx_word' id='word_1_356' title='bbox 1088 2883 1188 2952; x_wconf 89' lang='lat' dir='ltr'><strong>quidni</strong></span> <span class='ocrx_word' id='word_1_357' title='bbox 1206 2884 1290 2938; x_wconf 89' lang='lat' dir='ltr'><strong>urbes</strong></span> <span class='ocrx_word' id='word_1_358' title='bbox 1310 2885 1437 2938; x_wconf 90' lang='lat' dir='ltr'><strong>diversae</strong></span> 
     </span>
     <span class='ocr_line' id='line_1_34' title="bbox 118 2955 1436 3026; baseline -0.001 -17"><span class='ocrx_word' id='word_1_359' title='bbox 118 2959 253 3026; x_wconf 89' lang='lat' dir='ltr'><strong>poterant</strong></span> <span class='ocrx_word' id='word_1_360' title='bbox 272 2965 350 3010; x_wconf 83' lang='lat' dir='ltr'><strong>esse?</strong></span> <span class='ocrx_word' id='word_1_361' title='bbox 387 2957 527 3011; x_wconf 85' lang='lat' dir='ltr'><strong>diversam</strong></span> <span class='ocrx_word' id='word_1_362' title='bbox 545 2957 660 3026; x_wconf 90' lang='lat' dir='ltr'><strong>quidem</strong></span> <span class='ocrx_word' id='word_1_363' title='bbox 679 2973 696 3010; x_wconf 91' lang='lat' dir='ltr'><strong>a</strong></span> <span class='ocrx_word' id='word_1_364' title='bbox 714 2960 808 3010; x_wconf 84' lang='lat' dir='ltr'><strong>vetere</strong></span> <span class='ocrx_word' id='word_1_365' title='bbox 825 2957 1012 3010; x_wconf 79' lang='lat' dir='ltr'><strong>Cathaeorum</strong></span> <span class='ocrx_word' id='word_1_366' title='bbox 1029 2957 1098 3010; x_wconf 90' lang='lat' dir='ltr'><strong>urbe</strong></span> <span class='ocrx_word' id='word_1_367' title='bbox 1114 2955 1244 3024; x_wconf 87' lang='lat' dir='ltr'><strong>Sangalis</strong></span> <span class='ocrx_word' id='word_1_368' title='bbox 1259 2955 1436 3010; x_wconf 88' lang='lat' dir='ltr'><strong>Ptolemaeus</strong></span> 
     </span>
     <span class='ocr_line' id='line_1_35' title="bbox 119 3026 1438 3098; baseline 0 -18"><span class='ocrx_word' id='word_1_369' title='bbox 119 3028 199 3081; x_wconf 90' lang='lat' dir='ltr'><strong>novit</strong></span> <span class='ocrx_word' id='word_1_370' title='bbox 218 3028 318 3082; x_wconf 91' lang='lat' dir='ltr'><strong>urbem</strong></span> <span class='ocrx_word' id='word_1_371' title='bbox 336 3028 516 3082; x_wconf 88' lang='lat' dir='ltr'><strong>Panduorum</strong></span> <span class='ocrx_word' id='word_1_372' title='bbox 535 3030 610 3082; x_wconf 90' lang='lat' dir='ltr'><strong>circa</strong></span> <span class='ocrx_word' id='word_1_373' title='bbox 628 3028 792 3098; x_wconf 89' lang='lat' dir='ltr'><strong>Hydaspem</strong></span> <span class='ocrx_word' id='word_1_374' title='bbox 811 3029 983 3098; x_wconf 88' lang='lat' dir='ltr'><strong>superiorem</strong></span> <span class='ocrx_word' id='word_1_375' title='bbox 1001 3028 1193 3081; x_wconf 87' lang='lat' dir='ltr'><strong>habitantium</strong></span> <span class='ocrx_word' id='word_1_376' title='bbox 1206 3026 1333 3096; x_wconf 79' lang='grc' dir='ltr'><strong><em>Σάγαλα,</em></strong></span> <span class='ocrx_word' id='word_1_377' title='bbox 1353 3027 1369 3096; x_wconf 83' lang='grc' dir='ltr'><em>ἣ</em></span> <span class='ocrx_word' id='word_1_378' title='bbox 1389 3028 1438 3080; x_wconf 78' lang='grc' dir='ltr'><strong>καὶ</strong></span> 
     </span>
     <span class='ocr_line' id='line_1_36' title="bbox 120 3097 1438 3170; baseline -0.001 -18"><span class='ocrx_word' id='word_1_379' title='bbox 120 3097 298 3168; x_wconf 79' lang='grc' dir='ltr'><strong><em>Εὐθυὸημλα</em></strong></span> <span class='ocrx_word' id='word_1_380' title='bbox 324 3101 353 3153; x_wconf 90' lang='lat' dir='ltr'><strong>et</strong></span> <span class='ocrx_word' id='word_1_381' title='bbox 375 3101 535 3154; x_wconf 89' lang='lat' dir='ltr'><strong>Prasiorum</strong></span> <span class='ocrx_word' id='word_1_382' title='bbox 563 3100 600 3154; x_wconf 91' lang='lat' dir='ltr'><strong>ad</strong></span> <span class='ocrx_word' id='word_1_383' title='bbox 623 3099 750 3170; x_wconf 83' lang='lat' dir='ltr'><strong>Gangem</strong></span> <span class='ocrx_word' id='word_1_384' title='bbox 774 3099 878 3170; x_wconf 87' lang='lat' dir='ltr'><strong>Sagala</strong></span> <span class='ocrx_word' id='word_1_385' title='bbox 904 3099 1106 3167; x_wconf 81' lang='lat' dir='ltr'><strong>cf.VH,1,46;</strong></span> <span class='ocrx_word' id='word_1_386' title='bbox 1127 3104 1168 3152; x_wconf 81' lang='lat'><strong>53.</strong></span> <span class='ocrx_word' id='word_1_387' title='bbox 1206 3097 1326 3152; x_wconf 89' lang='lat' dir='ltr'><strong>fortasse</strong></span> <span class='ocrx_word' id='word_1_388' title='bbox 1350 3099 1438 3153; x_wconf 91' lang='lat' dir='ltr'><strong>etiam</strong></span> 
     </span>
     <span class='ocr_line' id='line_1_37' title="bbox 120 3170 1438 3243; baseline -0.002 -19"><span class='ocrx_word' id='word_1_389' title='bbox 120 3170 230 3243; x_wconf 64' lang='lat' dir='ltr'><strong>Sakala</strong></span> <span class='ocrx_word' id='word_1_390' title='bbox 253 3170 416 3225; x_wconf 87' lang='lat' dir='ltr'><strong>Madrarum</strong></span> <span class='ocrx_word' id='word_1_391' title='bbox 445 3172 502 3226; x_wconf 91' lang='lat' dir='ltr'><strong>alia</strong></span> <span class='ocrx_word' id='word_1_392' title='bbox 530 3173 616 3240; x_wconf 87' lang='lat' dir='ltr'><strong>atque</strong></span> <span class='ocrx_word' id='word_1_393' title='bbox 640 3170 827 3225; x_wconf 80' lang='lat' dir='ltr'><strong>(lathaeorum</strong></span> <span class='ocrx_word' id='word_1_394' title='bbox 853 3172 933 3238; x_wconf 90' lang='lat' dir='ltr'><strong>urbs,</strong></span> <span class='ocrx_word' id='word_1_395' title='bbox 961 3171 1081 3225; x_wconf 89' lang='lat' dir='ltr'><strong>fortasse</strong></span> <span class='ocrx_word' id='word_1_396' title='bbox 1109 3171 1220 3235; x_wconf 88' lang='lat' dir='ltr'><strong>eadem,</strong></span> <span class='ocrx_word' id='word_1_397' title='bbox 1247 3170 1282 3224; x_wconf 91' lang='lat' dir='ltr'><strong>of.</strong></span> <span class='ocrx_word' id='word_1_398' title='bbox 1301 3170 1438 3224; x_wconf 87' lang='lat' dir='ltr'><strong>Lassenl</strong></span> 
     </span>
     <span class='ocr_line' id='line_1_38' title="bbox 119 3242 1437 3312; baseline -0.001 -17"><span class='ocrx_word' id='word_1_399' title='bbox 119 3261 146 3312; x_wconf 91' lang='lat' dir='ltr'><strong>p.</strong></span> <span class='ocrx_word' id='word_1_400' title='bbox 163 3247 216 3296; x_wconf 89' lang='grc'><strong>801</strong></span> <span class='ocrx_word' id='word_1_401' title='bbox 243 3243 308 3296; x_wconf 91' lang='lat' dir='ltr'><strong>adn.</strong></span> <span class='ocrx_word' id='word_1_402' title='bbox 324 3249 348 3296; x_wconf 83' lang='lat'><strong>2.</strong></span> <span class='ocrx_word' id='word_1_403' title='bbox 386 3259 471 3312; x_wconf 89' lang='lat' dir='ltr'><strong>supra</strong></span> <span class='ocrx_word' id='word_1_404' title='bbox 495 3243 554 3296; x_wconf 85' lang='lat' dir='ltr'><strong>dixi</strong></span> <span class='ocrx_word' id='word_1_405' title='bbox 573 3243 764 3297; x_wconf 85' lang='lat' dir='ltr'><strong>Alexandrum</strong></span> <span class='ocrx_word' id='word_1_406' title='bbox 786 3259 874 3312; x_wconf 89' lang='lat' dir='ltr'><strong>prope</strong></span> <span class='ocrx_word' id='word_1_407' title='bbox 898 3242 1062 3312; x_wconf 84' lang='lat' dir='ltr'><strong>Gurdaspur</strong></span> <span class='ocrx_word' id='word_1_408' title='bbox 1086 3243 1196 3296; x_wconf 88' lang='lat' dir='ltr'><strong>venisse</strong></span> <span class='ocrx_word' id='word_1_409' title='bbox 1220 3242 1256 3294; x_wconf 89' lang='lat' dir='ltr'><strong>ad</strong></span> <span class='ocrx_word' id='word_1_410' title='bbox 1279 3242 1437 3312; x_wconf 88' lang='lat' dir='ltr'><strong>Hyphasim</strong></span> 
     </span>
     <span class='ocr_line' id='line_1_39' title="bbox 118 3313 1437 3398; baseline -0.001 -31"><span class='ocrx_word' id='word_1_411' title='bbox 118 3313 244 3397; x_wconf 76' lang='lat' dir='ltr'><strong>iluvium.</strong></span> <span class='ocrx_word' id='word_1_412' title='bbox 281 3315 341 3397; x_wconf 75' lang='lat' dir='ltr'><strong>iam</strong></span> <span class='ocrx_word' id='word_1_413' title='bbox 358 3315 434 3368; x_wconf 90' lang='lat' dir='ltr'><strong>ultra</strong></span> <span class='ocrx_word' id='word_1_414' title='bbox 459 3331 523 3368; x_wconf 90' lang='lat' dir='ltr'><strong>eum</strong></span> <span class='ocrx_word' id='word_1_415' title='bbox 547 3314 640 3369; x_wconf 90' lang='lat' dir='ltr'><strong>locum</strong></span> <span class='ocrx_word' id='word_1_416' title='bbox 659 3315 689 3367; x_wconf 92' lang='lat' dir='ltr'><strong>in</strong></span> <span class='ocrx_word' id='word_1_417' title='bbox 708 3315 928 3385; x_wconf 89' lang='lat' dir='ltr'><strong>septentrionem</strong></span> <span class='ocrx_word' id='word_1_418' title='bbox 947 3331 1041 3398; x_wconf 76' lang='lat' dir='ltr'><strong>versus</strong></span> <span class='ocrx_word' id='word_1_419' title='bbox 1059 3317 1094 3397; x_wconf 32' lang='lat' dir='ltr'><strong>&#39;et</strong></span> <span class='ocrx_word' id='word_1_420' title='bbox 1113 3314 1249 3396; x_wconf 71' lang='lat' dir='ltr'><strong>orieritem</strong></span> <span class='ocrx_word' id='word_1_421' title='bbox 1267 3313 1437 3397; x_wconf 79' lang='lat' dir='ltr'><strong>habitabant</strong></span> 
     </span>
     <span class='ocr_line' id='line_1_40' title="bbox 119 3385 1437 3526; baseline 0 -16"><span class='ocrx_word' id='word_1_422' title='bbox 119 3385 511 3525; x_wconf 58' lang='lat' dir='ltr'><strong>laetitiarum</strong></span> <span class='ocrx_word' id='word_1_423' title='bbox 524 3385 935 3526; x_wconf 47' lang='lat' dir='ltr'><strong>attitulasti?</strong></span> <span class='ocrx_word' id='word_1_424' title='bbox 950 3385 1437 3526; x_wconf 61' lang='lat' dir='ltr'><strong>ltlttrttattrrltlh</strong></span> 
     </span>
     <span class='ocr_line' id='line_1_41' title="bbox 119 3527 1435 3598; baseline -0.001 -16"><span class='ocrx_word' id='word_1_425' title='bbox 119 3527 220 3598; x_wconf 88' lang='lat' dir='ltr'><strong>populi</strong></span> <span class='ocrx_word' id='word_1_426' title='bbox 243 3527 339 3595; x_wconf 90' lang='lat' dir='ltr'><strong>liberi,</strong></span> <span class='ocrx_word' id='word_1_427' title='bbox 362 3529 437 3582; x_wconf 88' lang='lat' dir='ltr'><strong>inter</strong></span> <span class='ocrx_word' id='word_1_428' title='bbox 460 3546 530 3597; x_wconf 89' lang='lat' dir='ltr'><strong>quos</strong></span> <span class='ocrx_word' id='word_1_429' title='bbox 549 3528 666 3583; x_wconf 79' lang='lat' dir='ltr'><strong>Gatheai</strong></span> <span class='ocrx_word' id='word_1_430' title='bbox 685 3528 839 3583; x_wconf 85' lang='lat' dir='ltr'><strong>Alexandri</strong></span> <span class='ocrx_word' id='word_1_431' title='bbox 862 3529 957 3583; x_wconf 91' lang='lat' dir='ltr'><strong>itineri</strong></span> <span class='ocrx_word' id='word_1_432' title='bbox 980 3545 1031 3598; x_wconf 90' lang='lat' dir='ltr'><strong>per</strong></span> <span class='ocrx_word' id='word_1_433' title='bbox 1053 3529 1182 3597; x_wconf 86' lang='lat' dir='ltr'><strong>regiones</strong></span> <span class='ocrx_word' id='word_1_434' title='bbox 1205 3530 1354 3582; x_wconf 89' lang='lat' dir='ltr'><strong>montanas</strong></span> <span class='ocrx_word' id='word_1_435' title='bbox 1373 3545 1435 3596; x_wconf 92' lang='lat' dir='ltr'><strong>pro·</strong></span> 
     </span>
     <span class='ocr_line' id='line_1_42' title="bbox 119 3599 1437 3670; baseline -0.002 -16"><span class='ocrx_word' id='word_1_436' title='bbox 119 3600 197 3654; x_wconf 82' lang='lat' dir='ltr'><strong>rimi.</strong></span> <span class='ocrx_word' id='word_1_437' title='bbox 242 3617 338 3654; x_wconf 88' lang='lat' dir='ltr'><strong>omnes</strong></span> <span class='ocrx_word' id='word_1_438' title='bbox 365 3618 422 3654; x_wconf 90' lang='lat' dir='ltr'><strong>uno</strong></span> <span class='ocrx_word' id='word_1_439' title='bbox 449 3601 562 3654; x_wconf 91' lang='lat' dir='ltr'><strong>nomine</strong></span> <span class='ocrx_word' id='word_1_440' title='bbox 585 3601 687 3666; x_wconf 78' lang='lat' dir='ltr'><strong>Aratta</strong></span> <span class='ocrx_word' id='word_1_441' title='bbox 715 3600 770 3670; x_wconf 86' lang='lat' dir='ltr'><strong>(vel</strong></span> <span class='ocrx_word' id='word_1_442' title='bbox 795 3600 954 3670; x_wconf 84' lang='lat' dir='ltr'><strong>Arashtra),</strong></span> <span class='ocrx_word' id='word_1_443' title='bbox 983 3616 1083 3670; x_wconf 88' lang='lat' dir='ltr'><strong>graece</strong></span> <span class='ocrx_word' id='word_1_444' title='bbox 1110 3600 1228 3655; x_wconf 87' lang='lat' dir='ltr'><strong>Arestae</strong></span> <span class='ocrx_word' id='word_1_445' title='bbox 1256 3601 1308 3668; x_wconf 89' lang='lat' dir='ltr'><strong>(ita</strong></span> <span class='ocrx_word' id='word_1_446' title='bbox 1335 3599 1437 3653; x_wconf 89' lang='lat' dir='ltr'><strong>Iustini</strong></span> 
     </span>
     <span class='ocr_line' id='line_1_43' title="bbox 121 3669 1437 3741; baseline 0 -17"><span class='ocrx_word' id='word_1_447' title='bbox 121 3673 221 3724; x_wconf 85' lang='lat' dir='ltr'><strong>auctor</strong></span> <span class='ocrx_word' id='word_1_448' title='bbox 240 3687 287 3724; x_wconf 90' lang='lat' dir='ltr'><strong>eos</strong></span> <span class='ocrx_word' id='word_1_449' title='bbox 306 3672 444 3741; x_wconf 86' lang='lat' dir='ltr'><strong>nominat)</strong></span> <span class='ocrx_word' id='word_1_450' title='bbox 462 3673 508 3726; x_wconf 89' lang='lat' dir='ltr'><strong>vel</strong></span> <span class='ocrx_word' id='word_1_451' title='bbox 521 3669 666 3740; x_wconf 78' lang='grc' dir='ltr'><strong><em>Ἀδρασταλ</em></strong></span> <span class='ocrx_word' id='word_1_452' title='bbox 684 3673 865 3740; x_wconf 85' lang='lat' dir='ltr'><strong>vocabantur,</strong></span> <span class='ocrx_word' id='word_1_453' title='bbox 885 3672 961 3740; x_wconf 88' lang='lat' dir='ltr'><strong>quod</strong></span> <span class='ocrx_word' id='word_1_454' title='bbox 979 3688 1081 3726; x_wconf 90' lang='lat' dir='ltr'><strong>nomen</strong></span> <span class='ocrx_word' id='word_1_455' title='bbox 1096 3687 1163 3724; x_wconf 88' lang='lat' dir='ltr'><strong>sane</strong></span> <span class='ocrx_word' id='word_1_456' title='bbox 1177 3672 1313 3725; x_wconf 79' lang='lat' dir='ltr'><strong>Amianus</strong></span> <span class='ocrx_word' id='word_1_457' title='bbox 1328 3673 1357 3726; x_wconf 94' lang='lat' dir='ltr'><strong>et</strong></span> <span class='ocrx_word' id='word_1_458' title='bbox 1371 3671 1437 3724; x_wconf 91' lang='lat' dir='ltr'><strong>Dio-</strong></span> 
     </span>
     <span class='ocr_line' id='line_1_44' title="bbox 122 3743 1436 3813; baseline 0.001 -18"><span class='ocrx_word' id='word_1_459' title='bbox 122 3743 206 3796; x_wconf 89' lang='lat' dir='ltr'><strong>dorus</strong></span> <span class='ocrx_word' id='word_1_460' title='bbox 222 3745 383 3812; x_wconf 81' lang='grc' dir='ltr'><strong><em>(Αὸρησταλ)</em></strong></span> <span class='ocrx_word' id='word_1_461' title='bbox 397 3744 447 3796; x_wconf 89' lang='lat' dir='ltr'><strong>uni</strong></span> <span class='ocrx_word' id='word_1_462' title='bbox 461 3745 574 3797; x_wconf 89' lang='lat' dir='ltr'><strong>tantum</strong></span> <span class='ocrx_word' id='word_1_463' title='bbox 588 3743 667 3813; x_wconf 89' lang='lat' dir='ltr'><strong>genti</strong></span> <span class='ocrx_word' id='word_1_464' title='bbox 682 3743 819 3797; x_wconf 84' lang='lat' dir='ltr'><strong>tribuunt.</strong></span> <span class='ocrx_word' id='word_1_465' title='bbox 856 3743 914 3796; x_wconf 89' lang='lat' dir='ltr'><strong>iam</strong></span> <span class='ocrx_word' id='word_1_466' title='bbox 929 3743 1053 3813; x_wconf 88' lang='lat' dir='ltr'><strong>Sangala</strong></span> <span class='ocrx_word' id='word_1_467' title='bbox 1070 3743 1169 3796; x_wconf 90' lang='lat' dir='ltr'><strong>urbem</strong></span> <span class='ocrx_word' id='word_1_468' title='bbox 1187 3744 1217 3796; x_wconf 92' lang='lat' dir='ltr'><strong>in</strong></span> <span class='ocrx_word' id='word_1_469' title='bbox 1237 3759 1336 3812; x_wconf 89' lang='lat' dir='ltr'><strong>eampo</strong></span> <span class='ocrx_word' id='word_1_470' title='bbox 1351 3743 1436 3812; x_wconf 90' lang='lat' dir='ltr'><strong>plano</strong></span> 
     </span>
     <span class='ocr_line' id='line_1_45' title="bbox 121 3813 1437 3885; baseline 0.001 -18"><span class='ocrx_word' id='word_1_471' title='bbox 121 3815 206 3868; x_wconf 87' lang='lat' dir='ltr'><strong>sitam</strong></span> <span class='ocrx_word' id='word_1_472' title='bbox 224 3813 313 3868; x_wconf 81' lang='lat' dir='ltr'><strong>fuisse</strong></span> <span class='ocrx_word' id='word_1_473' title='bbox 338 3831 372 3868; x_wconf 85' lang='lat' dir='ltr'><strong>ex</strong></span> <span class='ocrx_word' id='word_1_474' title='bbox 394 3831 427 3869; x_wconf 90' lang='lat' dir='ltr'><strong>eo</strong></span> <span class='ocrx_word' id='word_1_475' title='bbox 451 3817 582 3885; x_wconf 88' lang='lat' dir='ltr'><strong>apparet,</strong></span> <span class='ocrx_word' id='word_1_476' title='bbox 606 3815 682 3883; x_wconf 87' lang='lat' dir='ltr'><strong>quod</strong></span> <span class='ocrx_word' id='word_1_477' title='bbox 705 3815 816 3868; x_wconf 90' lang='lat' dir='ltr'><strong>moenia</strong></span> <span class='ocrx_word' id='word_1_478' title='bbox 834 3815 912 3868; x_wconf 91' lang='lat' dir='ltr'><strong>urbis</strong></span> <span class='ocrx_word' id='word_1_479' title='bbox 931 3815 1057 3868; x_wconf 88' lang='lat' dir='ltr'><strong>lateritia</strong></span> <span class='ocrx_word' id='word_1_480' title='bbox 1076 3816 1157 3868; x_wconf 90' lang='lat' dir='ltr'><strong>erant</strong></span> <span class='ocrx_word' id='word_1_481' title='bbox 1179 3830 1270 3883; x_wconf 91' lang='lat' dir='ltr'><strong>neque</strong></span> <span class='ocrx_word' id='word_1_482' title='bbox 1288 3815 1355 3868; x_wconf 92' lang='lat' dir='ltr'><strong>urbs</strong></span> <span class='ocrx_word' id='word_1_483' title='bbox 1374 3815 1437 3883; x_wconf 90' lang='lat' dir='ltr'><strong>ipsa</strong></span> 
     </span>
     <span class='ocr_line' id='line_1_46' title="bbox 120 3884 1437 3940; baseline 0 -2"><span class='ocrx_word' id='word_1_484' title='bbox 120 3885 149 3938; x_wconf 92' lang='lat' dir='ltr'><strong>in</strong></span> <span class='ocrx_word' id='word_1_485' title='bbox 169 3884 241 3940; x_wconf 88' lang='lat' dir='ltr'><strong>colle</strong></span> <span class='ocrx_word' id='word_1_486' title='bbox 265 3885 368 3939; x_wconf 88' lang='lat' dir='ltr'><strong>autin</strong></span> <span class='ocrx_word' id='word_1_487' title='bbox 390 3889 485 3940; x_wconf 89' lang='lat' dir='ltr'><strong>monte</strong></span> <span class='ocrx_word' id='word_1_488' title='bbox 509 3887 564 3940; x_wconf 90' lang='lat' dir='ltr'><strong>sita</strong></span> <span class='ocrx_word' id='word_1_489' title='bbox 588 3903 648 3940; x_wconf 87' lang='lat' dir='ltr'><strong>esse</strong></span> <span class='ocrx_word' id='word_1_490' title='bbox 671 3887 846 3940; x_wconf 87' lang='lat' dir='ltr'><strong>narrabatur.</strong></span> <span class='ocrx_word' id='word_1_491' title='bbox 885 3887 909 3939; x_wconf 86' lang='lat' dir='ltr'><strong>si</strong></span> <span class='ocrx_word' id='word_1_492' title='bbox 933 3887 1028 3940; x_wconf 89' lang='lat' dir='ltr'><strong>autem</strong></span> <span class='ocrx_word' id='word_1_493' title='bbox 1051 3887 1166 3940; x_wconf 89' lang='lat' dir='ltr'><strong>nomina</strong></span> <span class='ocrx_word' id='word_1_494' title='bbox 1188 3885 1314 3940; x_wconf 89' lang='lat' dir='ltr'><strong>locorum</strong></span> <span class='ocrx_word' id='word_1_495' title='bbox 1332 3887 1437 3940; x_wconf 89' lang='lat' dir='ltr'><strong>similia</strong></span> 
     </span>
     <span class='ocr_line' id='line_1_47' title="bbox 121 3957 1436 4027; baseline 0 -17"><span class='ocrx_word' id='word_1_496' title='bbox 121 3957 151 4010; x_wconf 91' lang='lat' dir='ltr'><strong>in</strong></span> <span class='ocrx_word' id='word_1_497' title='bbox 173 3957 225 4010; x_wconf 90' lang='lat' dir='ltr'><strong>illa</strong></span> <span class='ocrx_word' id='word_1_498' title='bbox 249 3957 364 4026; x_wconf 90' lang='lat' dir='ltr'><strong>regione</strong></span> <span class='ocrx_word' id='word_1_499' title='bbox 386 3959 534 4027; x_wconf 83' lang='lat' dir='ltr'><strong>respicias,</strong></span> <span class='ocrx_word' id='word_1_500' title='bbox 562 3959 688 4012; x_wconf 79' lang='lat' dir='ltr'><strong>invenies</strong></span> <span class='ocrx_word' id='word_1_501' title='bbox 712 3958 785 4011; x_wconf 89' lang='lat' dir='ltr'><strong>inter</strong></span> <span class='ocrx_word' id='word_1_502' title='bbox 804 3957 942 4011; x_wconf 82' lang='lat' dir='ltr'><strong>Amritsar</strong></span> <span class='ocrx_word' id='word_1_503' title='bbox 966 3957 1065 4011; x_wconf 88' lang='lat' dir='ltr'><strong>urbem</strong></span> <span class='ocrx_word' id='word_1_504' title='bbox 1088 3960 1176 4027; x_wconf 85' lang='lat' dir='ltr'><strong>(sexto</strong></span> <span class='ocrx_word' id='word_1_505' title='bbox 1197 3958 1305 4012; x_wconf 89' lang='lat' dir='ltr'><strong>decimo</strong></span> <span class='ocrx_word' id='word_1_506' title='bbox 1325 3958 1436 4012; x_wconf 89' lang='lat' dir='ltr'><strong>saeculo</strong></span> 
     </span>
     <span class='ocr_line' id='line_1_48' title="bbox 120 4029 1436 4099; baseline 0.002 -18"><span class='ocrx_word' id='word_1_507' title='bbox 120 4031 234 4082; x_wconf 87' lang='lat' dir='ltr'><strong>nostrae</strong></span> <span class='ocrx_word' id='word_1_508' title='bbox 253 4029 356 4082; x_wconf 89' lang='lat' dir='ltr'><strong>aetatis</strong></span> <span class='ocrx_word' id='word_1_509' title='bbox 376 4030 489 4083; x_wconf 88' lang='lat' dir='ltr'><strong>demum</strong></span> <span class='ocrx_word' id='word_1_510' title='bbox 508 4029 660 4099; x_wconf 85' lang='lat' dir='ltr'><strong>conditam)</strong></span> <span class='ocrx_word' id='word_1_511' title='bbox 680 4031 709 4083; x_wconf 92' lang='lat' dir='ltr'><strong>et</strong></span> <span class='ocrx_word' id='word_1_512' title='bbox 723 4029 819 4096; x_wconf 84' lang='lat' dir='ltr'><strong>Beyah</strong></span> <span class='ocrx_word' id='word_1_513' title='bbox 837 4029 952 4083; x_wconf 87' lang='lat' dir='ltr'><strong>fluvium</strong></span> <span class='ocrx_word' id='word_1_514' title='bbox 971 4029 1081 4083; x_wconf 87' lang='lat' dir='ltr'><strong>diversa</strong></span> <span class='ocrx_word' id='word_1_515' title='bbox 1099 4029 1213 4082; x_wconf 90' lang='lat' dir='ltr'><strong>nomina</strong></span> <span class='ocrx_word' id='word_1_516' title='bbox 1232 4031 1263 4082; x_wconf 91' lang='lat' dir='ltr'><strong>in</strong></span> <span class='ocrx_word' id='word_1_517' title='bbox 1280 4029 1316 4082; x_wconf 91' lang='lat' dir='ltr'><strong>la</strong></span> <span class='ocrx_word' id='word_1_518' title='bbox 1335 4046 1436 4084; x_wconf 87' lang='lat' dir='ltr'><strong>exeun-</strong></span> 
     </span>
     <span class='ocr_line' id='line_1_49' title="bbox 120 4099 1437 4171; baseline 0.002 -19"><span class='ocrx_word' id='word_1_519' title='bbox 120 4099 192 4154; x_wconf 86' lang='lat' dir='ltr'><strong>tium</strong></span> <span class='ocrx_word' id='word_1_520' title='bbox 211 4099 291 4152; x_wconf 89' lang='lat' dir='ltr'><strong>velut</strong></span> <span class='ocrx_word' id='word_1_521' title='bbox 309 4101 444 4166; x_wconf 90' lang='lat' dir='ltr'><strong>Bata-la,</strong></span> <span class='ocrx_word' id='word_1_522' title='bbox 464 4101 614 4168; x_wconf 90' lang='lat' dir='ltr'><strong>Iandiala,</strong></span> <span class='ocrx_word' id='word_1_523' title='bbox 634 4102 780 4168; x_wconf 89' lang='lat' dir='ltr'><strong>Burdala,</strong></span> <span class='ocrx_word' id='word_1_524' title='bbox 800 4100 870 4167; x_wconf 90' lang='lat' dir='ltr'><strong>alia,</strong></span> <span class='ocrx_word' id='word_1_525' title='bbox 892 4103 925 4154; x_wconf 92' lang='lat' dir='ltr'><strong>ut</strong></span> <span class='ocrx_word' id='word_1_526' title='bbox 948 4117 1035 4171; x_wconf 90' lang='lat' dir='ltr'><strong>prope</strong></span> <span class='ocrx_word' id='word_1_527' title='bbox 1060 4117 1093 4154; x_wconf 92' lang='lat' dir='ltr'><strong>ea</strong></span> <span class='ocrx_word' id='word_1_528' title='bbox 1116 4101 1179 4154; x_wconf 91' lang='lat' dir='ltr'><strong>loca</strong></span> <span class='ocrx_word' id='word_1_529' title='bbox 1198 4102 1285 4154; x_wconf 89' lang='lat' dir='ltr'><strong>etiam</strong></span> <span class='ocrx_word' id='word_1_530' title='bbox 1304 4101 1437 4170; x_wconf 89' lang='lat' dir='ltr'><strong>Sangala</strong></span> 
     </span>
     <span class='ocr_line' id='line_1_50' title="bbox 120 4171 1436 4242; baseline 0.002 -19"><span class='ocrx_word' id='word_1_531' title='bbox 120 4171 174 4225; x_wconf 90' lang='lat' dir='ltr'><strong>sita</strong></span> <span class='ocrx_word' id='word_1_532' title='bbox 202 4171 291 4225; x_wconf 83' lang='lat' dir='ltr'><strong>fuisse</strong></span> <span class='ocrx_word' id='word_1_533' title='bbox 319 4173 495 4241; x_wconf 90' lang='lat' dir='ltr'><strong>putabimus,</strong></span> <span class='ocrx_word' id='word_1_534' title='bbox 521 4173 641 4226; x_wconf 89' lang='lat' dir='ltr'><strong>fortasse</strong></span> <span class='ocrx_word' id='word_1_535' title='bbox 669 4188 757 4242; x_wconf 91' lang='lat' dir='ltr'><strong>prope</strong></span> <span class='ocrx_word' id='word_1_536' title='bbox 780 4172 916 4226; x_wconf 86' lang='lat' dir='ltr'><strong>Iandiala.</strong></span> <span class='ocrx_word' id='word_1_537' title='bbox 958 4189 1024 4226; x_wconf 89' lang='lat' dir='ltr'><strong>nam</strong></span> <span class='ocrx_word' id='word_1_538' title='bbox 1049 4173 1072 4226; x_wconf 90' lang='lat' dir='ltr'><strong>si</strong></span> <span class='ocrx_word' id='word_1_539' title='bbox 1095 4173 1179 4226; x_wconf 84' lang='lat' dir='ltr'><strong>te1tio</strong></span> <span class='ocrx_word' id='word_1_540' title='bbox 1206 4173 1316 4226; x_wconf 90' lang='lat' dir='ltr'><strong>itineris</strong></span> <span class='ocrx_word' id='word_1_541' title='bbox 1336 4173 1381 4226; x_wconf 89' lang='lat' dir='ltr'><strong>die</strong></span> <span class='ocrx_word' id='word_1_542' title='bbox 1400 4173 1436 4226; x_wconf 90' lang='lat' dir='ltr'><strong>ab</strong></span> 
     </span>
     <span class='ocr_line' id='line_1_51' title="bbox 119 4241 1436 4314; baseline 0.001 -19"><span class='ocrx_word' id='word_1_543' title='bbox 119 4241 240 4310; x_wconf 89' lang='lat' dir='ltr'><strong>Hyaroti</strong></span> <span class='ocrx_word' id='word_1_544' title='bbox 269 4242 393 4313; x_wconf 90' lang='lat' dir='ltr'><strong>Sangala</strong></span> <span class='ocrx_word' id='word_1_545' title='bbox 420 4244 497 4298; x_wconf 90' lang='lat' dir='ltr'><strong>venit</strong></span> <span class='ocrx_word' id='word_1_546' title='bbox 519 4243 680 4298; x_wconf 86' lang='lat' dir='ltr'><strong>Alexander</strong></span> <span class='ocrx_word' id='word_1_547' title='bbox 708 4246 790 4314; x_wconf 90' lang='lat' dir='ltr'><strong>(teste</strong></span> <span class='ocrx_word' id='word_1_548' title='bbox 816 4245 959 4314; x_wconf 85' lang='lat' dir='ltr'><strong>Arriano),</strong></span> <span class='ocrx_word' id='word_1_549' title='bbox 987 4245 1078 4314; x_wconf 91' lang='lat' dir='ltr'><strong>primo</strong></span> <span class='ocrx_word' id='word_1_550' title='bbox 1107 4260 1171 4297; x_wconf 91' lang='lat' dir='ltr'><strong>eum</strong></span> <span class='ocrx_word' id='word_1_551' title='bbox 1199 4245 1236 4298; x_wconf 92' lang='lat' dir='ltr'><strong>ad</strong></span> <span class='ocrx_word' id='word_1_552' title='bbox 1264 4243 1436 4313; x_wconf 84' lang='lat' dir='ltr'><strong>Gurdaspur,</strong></span> 
     </span>
     <span class='ocr_line' id='line_1_52' title="bbox 122 4313 1436 4385; baseline 0.001 -18"><span class='ocrx_word' id='word_1_553' title='bbox 122 4313 212 4368; x_wconf 86' lang='lat' dir='ltr'><strong>altero</strong></span> <span class='ocrx_word' id='word_1_554' title='bbox 236 4330 325 4383; x_wconf 88' lang='lat' dir='ltr'><strong>prope</strong></span> <span class='ocrx_word' id='word_1_555' title='bbox 344 4315 446 4369; x_wconf 92' lang='lat' dir='ltr'><strong>Batala</strong></span> <span class='ocrx_word' id='word_1_556' title='bbox 465 4315 685 4385; x_wconf 62' lang='lat' dir='ltr'><strong>(Pimprama),</strong></span> <span class='ocrx_word' id='word_1_557' title='bbox 709 4316 793 4370; x_wconf 91' lang='lat' dir='ltr'><strong>tertio</strong></span> <span class='ocrx_word' id='word_1_558' title='bbox 817 4332 904 4384; x_wconf 92' lang='lat' dir='ltr'><strong>prope</strong></span> <span class='ocrx_word' id='word_1_559' title='bbox 928 4315 1058 4370; x_wconf 91' lang='lat' dir='ltr'><strong>Iandiala</strong></span> <span class='ocrx_word' id='word_1_560' title='bbox 1079 4315 1167 4369; x_wconf 80' lang='lat' dir='ltr'><strong>fuisse</strong></span> <span class='ocrx_word' id='word_1_561' title='bbox 1191 4317 1382 4370; x_wconf 88' lang='lat' dir='ltr'><strong>concedemus.</strong></span> <span class='ocrx_word' id='word_1_562' title='bbox 1403 4347 1436 4355; x_wconf 90' lang='grc'><strong>-</strong></span> 
     </span>
     <span class='ocr_line' id='line_1_53' title="bbox 121 4385 1435 4457; baseline 0.001 -19"><span class='ocrx_word' id='word_1_563' title='bbox 121 4385 390 4456; x_wconf 68' lang='lat' dir='ltr'><strong>Spiegel(lIusslcnb</strong></span> <span class='ocrx_word' id='word_1_564' title='bbox 410 4390 613 4457; x_wconf 67' lang='lat' dir='ltr'><strong>ierapoli),</strong></span> <span class='ocrx_word' id='word_1_565' title='bbox 641 4387 797 4456; x_wconf 83' lang='lat' dir='ltr'><strong>Hertaberg</strong></span> <span class='ocrx_word' id='word_1_566' title='bbox 815 4387 840 4440; x_wconf 91' lang='lat' dir='ltr'><strong>H</strong></span> <span class='ocrx_word' id='word_1_567' title='bbox 859 4406 885 4457; x_wconf 88' lang='lat' dir='ltr'><strong>p.</strong></span> <span class='ocrx_word' id='word_1_568' title='bbox 902 4393 962 4455; x_wconf 78' lang='lat'><strong>275,</strong></span> <span class='ocrx_word' id='word_1_569' title='bbox 990 4387 1128 4441; x_wconf 88' lang='lat' dir='ltr'><strong>Lefmann</strong></span> <span class='ocrx_word' id='word_1_570' title='bbox 1146 4405 1173 4456; x_wconf 91' lang='lat' dir='ltr'><strong>p.</strong></span> <span class='ocrx_word' id='word_1_571' title='bbox 1191 4393 1241 4440; x_wconf 85' lang='grc'><strong>749</strong></span> <span class='ocrx_word' id='word_1_572' title='bbox 1262 4388 1335 4454; x_wconf 71' lang='lat' dir='ltr'><strong>adn,</strong></span> <span class='ocrx_word' id='word_1_573' title='bbox 1364 4386 1435 4440; x_wconf 84' lang='lat' dir='ltr'><strong>Oun-</strong></span> 
     </span>
     <span class='ocr_line' id='line_1_54' title="bbox 120 4457 855 4528; baseline 0.003 -19"><span class='ocrx_word' id='word_1_574' title='bbox 120 4457 283 4528; x_wconf 89' lang='lat' dir='ltr'><strong>ninghamii</strong></span> <span class='ocrx_word' id='word_1_575' title='bbox 302 4459 471 4512; x_wconf 88' lang='lat' dir='ltr'><strong>sententiam</strong></span> <span class='ocrx_word' id='word_1_576' title='bbox 489 4458 642 4527; x_wconf 82' lang='lat' dir='ltr'><strong>probavere</strong></span> <span class='ocrx_word' id='word_1_577' title='bbox 661 4457 730 4512; x_wconf 89' lang='lat' dir='ltr'><strong>satis</strong></span> <span class='ocrx_word' id='word_1_578' title='bbox 749 4457 855 4512; x_wconf 85' lang='lat' dir='ltr'><strong>leviter.</strong></span> 
     </span>
    </p>

    <p class='ocr_par' dir='ltr' id='par_1_9' title="bbox 120 4529 1436 4742">
     <span class='ocr_line' id='line_1_55' title="bbox 214 4529 1436 4598; baseline 0.002 -16"><span class='ocrx_word' id='word_1_579' title='bbox 214 4531 278 4598; x_wconf 77' lang='lat' dir='ltr'><strong>aab)</strong></span> <span class='ocrx_word' id='word_1_580' title='bbox 298 4530 397 4584; x_wconf 89' lang='lat' dir='ltr'><strong>eadem</strong></span> <span class='ocrx_word' id='word_1_581' title='bbox 414 4530 526 4584; x_wconf 87' lang='lat' dir='ltr'><strong>videtur</strong></span> <span class='ocrx_word' id='word_1_582' title='bbox 545 4546 605 4584; x_wconf 88' lang='lat' dir='ltr'><strong>esse</strong></span> <span class='ocrx_word' id='word_1_583' title='bbox 623 4529 690 4583; x_wconf 87' lang='lat' dir='ltr'><strong>urbs</strong></span> <span class='ocrx_word' id='word_1_584' title='bbox 709 4531 795 4597; x_wconf 90' lang='lat' dir='ltr'><strong>atque</strong></span> <span class='ocrx_word' id='word_1_585' title='bbox 814 4546 847 4583; x_wconf 90' lang='lat' dir='ltr'><strong>ea</strong></span> <span class='ocrx_word' id='word_1_586' title='bbox 867 4547 939 4598; x_wconf 88' lang='lat' dir='ltr'><strong>quae</strong></span> <span class='ocrx_word' id='word_1_587' title='bbox 958 4533 1030 4584; x_wconf 91' lang='lat' dir='ltr'><strong>teste</strong></span> <span class='ocrx_word' id='word_1_588' title='bbox 1045 4529 1140 4584; x_wconf 80' lang='lat' dir='ltr'><strong>Curtio</strong></span> <span class='ocrx_word' id='word_1_589' title='bbox 1155 4531 1201 4598; x_wconf 85' lang='lat' dir='ltr'><strong>IX,</strong></span> <span class='ocrx_word' id='word_1_590' title='bbox 1211 4536 1271 4597; x_wconf 84' lang='lat'><strong>1,14</strong></span> <span class='ocrx_word' id='word_1_591' title='bbox 1290 4529 1436 4584; x_wconf 89' lang='lat' dir='ltr'><strong>obsidione</strong></span> 
     </span>
     <span class='ocr_line' id='line_1_56' title="bbox 120 4600 1436 4672; baseline 0.003 -20"><span class='ocrx_word' id='word_1_592' title='bbox 120 4600 235 4669; x_wconf 90' lang='lat' dir='ltr'><strong>capitur</strong></span> <span class='ocrx_word' id='word_1_593' title='bbox 262 4601 428 4669; x_wconf 85' lang='lat' dir='ltr'><strong>priusquam</strong></span> <span class='ocrx_word' id='word_1_594' title='bbox 452 4601 576 4671; x_wconf 88' lang='lat' dir='ltr'><strong>Sangala</strong></span> <span class='ocrx_word' id='word_1_595' title='bbox 599 4601 759 4654; x_wconf 83' lang='lat' dir='ltr'><strong>Alexander</strong></span> <span class='ocrx_word' id='word_1_596' title='bbox 785 4601 869 4654; x_wconf 86' lang='lat' dir='ltr'><strong>venit.</strong></span> <span class='ocrx_word' id='word_1_597' title='bbox 913 4602 999 4656; x_wconf 89' lang='lat' dir='ltr'><strong>etiam</strong></span> <span class='ocrx_word' id='word_1_598' title='bbox 1026 4602 1164 4656; x_wconf 88' lang='lat' dir='ltr'><strong>tributum</strong></span> <span class='ocrx_word' id='word_1_599' title='bbox 1189 4601 1353 4672; x_wconf 89' lang='lat' dir='ltr'><strong>impositum</strong></span> <span class='ocrx_word' id='word_1_600' title='bbox 1376 4618 1436 4656; x_wconf 92' lang='lat' dir='ltr'><strong>esse</strong></span> 
     </span>
     <span class='ocr_line' id='line_1_57' title="bbox 121 4671 1350 4742; baseline 0.004 -19"><span class='ocrx_word' id='word_1_601' title='bbox 121 4672 177 4724; x_wconf 89' lang='lat' dir='ltr'><strong>soit</strong></span> <span class='ocrx_word' id='word_1_602' title='bbox 196 4671 317 4738; x_wconf 81' lang='lat' dir='ltr'><strong>Curtius,</strong></span> <span class='ocrx_word' id='word_1_603' title='bbox 335 4673 440 4726; x_wconf 89' lang='lat' dir='ltr'><strong>rectius</strong></span> <span class='ocrx_word' id='word_1_604' title='bbox 459 4673 578 4727; x_wconf 84' lang='lat' dir='ltr'><strong>fortasse</strong></span> <span class='ocrx_word' id='word_1_605' title='bbox 596 4672 650 4726; x_wconf 91' lang='lat' dir='ltr'><strong>hoo</strong></span> <span class='ocrx_word' id='word_1_606' title='bbox 668 4673 783 4726; x_wconf 89' lang='lat' dir='ltr'><strong>tradens</strong></span> <span class='ocrx_word' id='word_1_607' title='bbox 803 4689 888 4741; x_wconf 91' lang='lat' dir='ltr'><strong>quam</strong></span> <span class='ocrx_word' id='word_1_608' title='bbox 907 4675 942 4727; x_wconf 89' lang='lat' dir='ltr'><strong>da</strong></span> <span class='ocrx_word' id='word_1_609' title='bbox 961 4673 1114 4728; x_wconf 89' lang='lat' dir='ltr'><strong>obsidione.</strong></span> <span class='ocrx_word' id='word_1_610' title='bbox 1181 4728 1189 4742; x_wconf 40' lang='grc' dir='ltr'>Α</span> <span class='ocrx_word' id='word_1_611' title='bbox 1341 4727 1350 4742; x_wconf 39' lang='grc' dir='ltr'><strong>Α</strong></span> 
     </span>
    </p>

    <p class='ocr_par' dir='ltr' id='par_1_10' title="bbox 210 4743 1438 4816">
     <span class='ocr_line' id='line_1_58' title="bbox 210 4743 1438 4816; baseline 0.002 -19"><span class='ocrx_word' id='word_1_612' title='bbox 210 4746 273 4814; x_wconf 79' lang='lat'>221)</span> <span class='ocrx_word' id='word_1_613' title='bbox 290 4743 486 4799; x_wconf 88' lang='lat' dir='ltr'><strong>Adraistarum</strong></span> <span class='ocrx_word' id='word_1_614' title='bbox 500 4759 603 4798; x_wconf 90' lang='lat' dir='ltr'><strong>nomen</strong></span> <span class='ocrx_word' id='word_1_615' title='bbox 616 4743 722 4798; x_wconf 86' lang='lat' dir='ltr'><strong>Lassen</strong></span> <span class='ocrx_word' id='word_1_616' title='bbox 736 4743 852 4814; x_wconf 90' lang='lat' dir='ltr'><strong>Pentap.</strong></span> <span class='ocrx_word' id='word_1_617' title='bbox 863 4745 922 4799; x_wconf 86' lang='lat' dir='ltr'><strong>Iud.</strong></span> <span class='ocrx_word' id='word_1_618' title='bbox 933 4763 960 4813; x_wconf 93' lang='lat' dir='ltr'><strong>p.</strong></span> <span class='ocrx_word' id='word_1_619' title='bbox 972 4751 1006 4798; x_wconf 78' lang='lat'><strong>22</strong></span> <span class='ocrx_word' id='word_1_620' title='bbox 1021 4761 1055 4800; x_wconf 85' lang='lat' dir='ltr'><strong>ex</strong></span> <span class='ocrx_word' id='word_1_621' title='bbox 1068 4745 1164 4800; x_wconf 83' lang='lat' dir='ltr'><strong>Indico</strong></span> <span class='ocrx_word' id='word_1_622' title='bbox 1175 4745 1311 4799; x_wconf 79' lang='lat' dir='ltr'><strong>Artshtra</strong></span> <span class='ocrx_word' id='word_1_623' title='bbox 1325 4745 1438 4816; x_wconf 77' lang='lat' dir='ltr'><strong>(Aratta</strong></span> 
     </span>
    </p>
   </div>
   <div class='ocr_carea' id='block_1_9' title="bbox 0 0 1764 5306">
    <p class='ocr_par' dir='ltr' id='par_1_11' title="bbox 0 0 1764 5306">
     <span class='ocr_line' id='line_1_59' title="bbox 0 0 1764 5306; baseline 0 0"><span class='ocrx_word' id='word_1_624' title='bbox 0 0 1764 5306; x_wconf 95' lang='lat' dir='ltr'><strong> </strong></span> 
     </span>
    </p>
   </div>
  </div>
 </body>
</html>
