3496 5308
802 329 1022 394 „60-

256 534 357 597 equus
384 509 586 594 Bucephalas
619 531 719 594 prope
751 509 863 573 urbem
891 507 1040 593 Darapur
1072 509 1152 573 eitra
1178 507 1365 593 Hydaspem
1395 509 1570 593 interierat,

255 631 322 674 nou
345 632 384 674 er
403 608 599 690 vulneribus,
622 608 678 672 sed
695 607 860 672 laboribus
878 607 999 672 fractus
1018 609 1115 690 atque
1133 611 1251 691 aetate3
1273 629 1348 670 nam
1367 607 1570 692 trigesimum

256 709 320 773 iam
352 729 473 772 annum
505 702 684 792 agebatffi)
736 701 833 790 cuiusJ
859 705 895 769 in
921 705 1110 770 memoriam
1143 706 1218 788 equi
1249 705 1361 769 urbem
1389 703 1572 770 Alexander

257 805 401 871 condidit
432 827 470 870 eo
498 807 571 869 loco
599 805 683 868 unde
710 803 874 888 profectus
897 801 1084 887 Hydaspem
1112 802 1247 868 fluvium
1277 807 1494 887 superaverat,
1523 803 1572 868 ibi

257 909 364 970 autem
379 903 529 987 Darapur
548 904 628 967 citra
641 899 758 967 ludum
778 902 840 966 sita
859 898 970 988 estse)
1008 903 1142 966 alteram
1157 902 1254 966 etiam
1271 901 1383 966 urbem
1402 902 1572 966 aedifican-

258 1004 331 1068 dam
356 1003 480 1067 curavit
504 1022 605 1085 prope
623 1000 725 1085 Mong
747 999 950 1086 nostratium,
972 999 1029 1063 ubi
1047 998 1167 1063 Porum
1187 995 1370 1085 viceratffl)
1411 999 1511 1082 priori
1530 1021 1573 1064 ex

258 1231 337 1285 cuius
365 1231 463 1284 auctor
490 1230 565 1282 hunc
593 1246 696 1297 equum
723 1230 798 1282 certe
821 1228 1012 1298 Bucephalam
1039 1227 1130 1281 voluit
1156 1226 1251 1281 fuisse.
1294 1226 1329 1281 cf.
1352 1227 1450 1282 lustin.
1466 1227 1529 1296 ΧΠ,
1545 1234 1571 1283 8.

257 1306 353 1357 tamen
372 1317 406 1355 ex
423 1300 585 1356 vulneribus
603 1317 668 1354 eum
686 1300 829 1367 interisse,
848 1300 924 1370 quod
943 1298 1054 1353 Curtius
1073 1298 1199 1352 indicare
1217 1298 1329 1353 videtur
1348 1331 1381 1339 -
1403 1299 1463 1353 ‘sed
1482 1315 1572 1369 equus

258 1375 318 1428 eius
341 1373 438 1426 multis
461 1371 624 1426 vulneribus
649 1371 793 1426 confossus
817 1371 1005 1440 deficiensque
1027 1369 1188 1440 procubuit*
1211 1402 1244 1411 -
1264 1369 1376 1438 (Strabo
1400 1370 1452 1424 XV
1475 1389 1502 1440 p.
1518 1377 1571 1425 698

258 1444 331 1500 κατὰ
350 1444 401 1514 τὴν
420 1443 513 1514 μάχην
532 1459 596 1496 eum
615 1443 751 1497 cecidisse
769 1442 889 1510 rettulit,
908 1441 942 1496 cf.
958 1441 1040 1496 Diod.
1051 1441 1136 1509 XVH,
1152 1447 1226 1509 95,6;
1246 1441 1387 1496 Plutarch.
1398 1461 1422 1496 v.
1434 1442 1476 1496 Al.
1488 1459 1510 1496 c.
1523 1448 1570 1497 61:

260 1517 273 1572 έ
280 1536 297 1570 κ
326 1516 357 1571 dt
384 1523 434 1585 της
460 1515 531 1582 πρὸς
554 1517 656 1583 Πῶρον
685 1513 774 1584 μάχης
797 1514 846 1567 καλ
869 1513 884 1568 ὁ
906 1513 1088 1582 Βουκεφάλας
1112 1513 1293 1582 ἐτελεύτησεν,
1317 1514 1368 1567 οὐκ
1388 1513 1488 1579 εὐθύς,
1508 1511 1568 1568 ἀλλ’

259 1586 383 1655 ὕστερον,
408 1587 445 1648 ὡς
469 1585 496 1641 οἱ
518 1589 641 1640 πλεῖστοι
664 1585 800 1655 λέγουσιν,
824 1585 889 1639 ἀπὸ
913 1583 1115 1654 τραυμάτων
1134 1583 1373 1655 θεραπευόμενος)
1392 1585 1572 1641 vehementer

260 1659 376 1728 negavit
394 1657 530 1712 Arrianus
549 1657 583 1725 V,
600 1661 673 1725 19,4
697 1656 814 1726 (ἔθανεν
837 1657 870 1710 οὐ
890 1656 1006 1728 βληθεὶς
1024 1655 1094 1726 πρὸς
1113 1655 1240 1726 οὐδενός)
1260 1658 1388 1710 auctores
1407 1659 1519 1710 secutus
1538 1660 1572 1711 ut

258 1731 371 1784 ridetur
389 1729 584 1784 Aristobulum
607 1731 635 1783 et
653 1727 858 1795 Ptolemaeum,
883 1727 998 1798 negavit
1021 1727 1108 1780 etiam
1127 1726 1301 1781 Onesicritus
1326 1729 1359 1796 (v.
1375 1727 1475 1798 fragm.
1492 1734 1508 1781 9
1528 1729 1571 1782 ed.

260 1801 390 1856 Muelleri
409 1801 481 1870 Arr.)
501 1800 535 1854 cf.
551 1800 625 1853 Plut.
640 1818 664 1853 v.
680 1799 758 1854 Alex.
774 1816 796 1852 c.
813 1805 855 1853 61.
893 1798 1055 1853 Aristobulo
1075 1798 1236 1853 Ptolemaeo
1252 1797 1409 1853 Onesicrito
1428 1800 1453 1853 si
1472 1800 1502 1853 in
1520 1801 1575 1854 hac

259 1890 289 1928 re
307 1873 392 1927 fidem
410 1873 546 1926 habemus
564 1888 621 1925 non
639 1871 816 1941 Bucephalas
835 1887 924 1938 equus
943 1872 1004 1924 erat
1022 1870 1071 1924 ille
1091 1869 1181 1924 Curtii
1205 1871 1405 1939 procumbens,
1430 1871 1480 1925 sed
1499 1872 1572 1925 alius

261 1945 377 2014 aliquis,
406 1960 525 2013 cumque
547 1942 644 2012 paullo
669 1946 734 1996 ante
754 1943 783 1995 in
803 1943 919 1996 dextera
937 1941 1080 2011 Hydaspis
1099 1943 1163 2011 ripa
1182 1943 1269 1996 etiam
1287 1942 1464 2010 Bucephalas
1484 1959 1573 2012 equus

260 2019 376 2086 propter
394 2017 567 2069 senectutem
582 2014 642 2084 (διά
656 2022 745 2084 χηρας
759 2013 893 2083 Onesier.)
908 2013 1014 2067 viribus
1034 2012 1183 2068 defecisset
1202 2013 1246 2083 (cf.
1267 2014 1331 2068 adn.
1349 2016 1419 2084 183),
1438 2014 1574 2084 plurimo·

260 2106 323 2141 rum
342 2086 511 2156 scriptorum
530 2103 606 2140 error
624 2086 691 2140 inde
711 2086 746 2139 de
764 2085 928 2154 Bucephala
945 2085 1092 2140 vulnerato
1112 2087 1189 2139 ortus
1208 2085 1320 2140 videtur
1338 2101 1407 2140 esse.

352 2170 414 2238 182)
434 2166 468 2221 cf.
484 2167 557 2220 Plut.
573 2166 650 2220 Alex.
667 2183 689 2220 c.
706 2171 747 2220 61,

351 2250 412 2316 166)
430 2246 554 2300 Nicaeae
578 2249 607 2300 et
625 2245 804 2315 Bucephalas
826 2246 939 2299 urbium
963 2246 1049 2300 situm
1072 2247 1096 2300 si
1120 2247 1293 2314 quaerimus,
1320 2247 1398 2316 apud
1422 2248 1573 2318 scriptores

260 2322 368 2374 veteres
386 2319 457 2372 haec
476 2319 585 2372 extant:
605 2317 741 2371 Arrianus
760 2317 793 2384 V,
811 2323 870 2386 1a,4
889 2317 1021 2371 tradidit:
1051 2317 1098 2372 ἵνα
1118 2316 1148 2371 δὲ
1167 2317 1185 2386 ἡ
1204 2317 1278 2388 μάχη
1297 2317 1399 2389 ξυνέβη
1419 2320 1467 2373 καλ
1486 2319 1573 2374 ἔνθεν

261 2391 398 2460 ὁρμηθεὶς
417 2388 560 2457 ἐπέρασε
578 2388 628 2443 τὸν
644 2387 787 2457 Ὑδάσπην
805 2389 933 2458 ποταμὸν
952 2389 1046 2451 πόλεις
1061 2389 1166 2444 ἔκτισεν
1181 2387 1373 2457 Ἀλέξανδρος·
1393 2390 1441 2443 καλ
1456 2390 1506 2457 τὴν
1521 2389 1573 2460 μὲν

263 2461 390 2517 Νίκαιαν
409 2469 458 2530 τῆς
476 2458 556 2530 νίκης
573 2468 622 2530 τῆς
640 2457 702 2514 κατ’
721 2457 820 2514 Ἰνδῶν
840 2460 986 2529 ἐπώνυμον
1006 2459 1144 2529 ὠνόμασε·
1171 2460 1222 2530 τὴν
1242 2458 1273 2514 dl
1289 2460 1457 2529 Βουκέφαλα
1477 2461 1505 2524 ές
1523 2471 1574 2516 τοῦ

262 2533 350 2588 ἵππου
369 2540 419 2586 τοῦ
439 2531 606 2601 Βουκεφάλα
629 2531 681 2601 τὴν
705 2529 816 2600 μνήμην
840 2530 871 2594 ὃς
889 2531 1036 2586 ἀπέθανεν
1056 2532 1152 2600 αὐτοῦ,
1172 2534 1204 2586 ct
1223 2533 1339 2604 βληθεὶς
1357 2533 1427 2600 πρὸς
1446 2533 1574 2601 οὐδενός,

263 2603 318 2660 ἀλλ’
335 2603 390 2659 ὑπὸ
410 2602 537 2672 καμάτου
560 2622 589 2656 τε
612 2603 660 2656 καλ
683 2599 797 2672 ἡλικίας.
836 2603 998 2672 Bucephala
1021 2603 1110 2673 igitur
1132 2603 1198 2658 urbs
1217 2603 1336 2658 Arriano
1360 2605 1432 2659 teste
1459 2605 1576 2660 condita

261 2679 331 2745 erat,
350 2677 400 2730 ubi
418 2674 596 2744 Bucephalas
620 2691 707 2744 equus
731 2677 857 2728 mortuus
881 2677 937 2742 est,
966 2691 997 2728 eo
1021 2675 1083 2729 loco
1106 2675 1182 2730 unde
1200 2692 1364 2746 progressus
1383 2676 1496 2731 traiecit
1514 2677 1574 2746 Hy-

263 2750 392 2818 daspem3
412 2746 441 2801 in
457 2747 572 2801 dextera
585 2746 674 2817 igitur
687 2747 750 2815 ripa
764 2745 896 2800 fluminis.
934 2747 1073 2816 quomodo
1092 2747 1177 2800 verba
1196 2747 1282 2801 ένθεν
1301 2746 1437 2817 ὁρμηθεὶς
1456 2745 1574 2816 ἐπέρασε

262 2820 312 2875 τὸν
327 2817 382 2872 ‘Td
398 2837 426 2872 π,
446 2818 660 2886 interpretanda
679 2817 736 2871 sint
754 2818 894 2872 Diodorus
914 2818 997 2872 docet
1015 2817 1100 2885 XVH,
1115 2823 1149 2870 89
1171 2817 1259 2872 έκτισε
1278 2817 1309 2872 δὲ
1328 2819 1381 2872 δύο
1400 2818 1502 2887 πόλεις,
1521 2819 1574 2889 τὴν

262 2890 312 2960 μὲν
336 2888 478 2959 (Βουκέφ.)
502 2888 592 2958 πέραν
614 2897 664 2942 τοῦ
687 2897 828 2958 ποταμοῦ,
851 2887 930 2943 καθ’
954 2887 991 2944 ὃν
1014 2888 1121 2944 τόπον
1145 2889 1247 2951 αὐτὸς
1272 2888 1370 2960 διέβη
1395 2894 1424 2945 et
1443 2890 1573 2946 Strabon.

262 2962 313 3015 XV
331 2981 358 3031 p.
375 2966 439 3014 698:
468 2961 539 3028 πρὸς
561 2969 623 3022 ταῖς
646 2959 818 3029 έκτισμέναις
840 2957 889 3014 ὑπ’
907 2962 994 3015 αὐτοῦ
1017 2959 1131 3015 πόλεσιν
1155 2957 1203 3030 ἐφ’
1220 2959 1337 3028 ἑκάτερα
1360 2971 1411 3016 τοῦ
1437 2971 1575 3031 ποταμοῦ,

264 3031 335 3088 ὅπου
353 3032 404 3086 τὸν
423 3035 525 3100 Πῶρον
545 3029 643 3086 ἐνίκα
662 3031 787 3103 διαβάς
806 3032 890 3101 (male
909 3033 1111 3101 interpretatus
1131 3035 1174 3086 est
1188 3032 1292 3086 Lassen
1306 3032 1332 3085 Π
1351 3051 1377 3102 p.
1391 3039 1441 3086 155
1458 3035 1520 3088 adn.
1534 3037 1574 3103 5):

263 3123 295 3160 eo
315 3104 403 3176 igitur
421 3104 483 3158 loco
498 3103 660 3173 Bucephala
678 3103 776 3157 urbem
795 3103 923 3157 condidit
936 3104 1096 3158 Alexander
1113 3103 1163 3157 ubi
1181 3103 1285 3157 flumen
1299 3104 1494 3160 transmiserat
1508 3108 1575 3175 (non

262 3178 293 3230 in
311 3176 374 3245 ipsa
392 3175 454 3244 ripa
471 3173 594 3228 fluminis
614 3175 663 3228 sed
682 3192 738 3228 non
756 3175 855 3244 procul
874 3175 910 3228 ab
929 3175 987 3242 illa,
1006 3191 1098 3243 neque
1116 3178 1212 3230 tamen
1231 3174 1280 3229 illo
1299 3175 1360 3230 loco
1380 3193 1435 3245 quo
1455 3177 1575 3231 Arriano

262 3251 335 3302 teste
358 3246 503 3300 Craterum
522 3246 691 3315 reliquerat,
721 3245 802 3299 illum
824 3246 917 3300 locum
941 3246 965 3300 si
988 3247 1123 3300 voluisset
1141 3247 1276 3300 Arrianus
1301 3247 1472 3317 significare,
1499 3249 1576 3318 quod

264 3317 490 3388 Cunninghamio
508 3317 521 3368 I
539 3336 566 3387 p.
583 3323 633 3371 117
658 3317 753 3386 potius
771 3317 890 3385 videtur,
911 3319 986 3372 certe
1005 3319 1164 3387 scripsisset
1182 3318 1268 3373 ἔνθεν
1287 3317 1405 3388 ὡρμήθη
1423 3319 1573 3390 περάσων).

264 3391 366 3461 quibus
386 3406 442 3442 non
465 3392 626 3459 repugnant
649 3406 721 3457 quae
741 3388 852 3443 Curtius
871 3389 957 3444 refert
975 3389 1093 3456 IX,1,6:
1122 3405 1170 3443 rex
1189 3389 1299 3444 duabus
1317 3389 1434 3444 urbibus
1454 3391 1576 3445 conditis

263 3464 294 3516 in
316 3464 436 3530 utraque
464 3459 586 3513 fluminis
615 3460 690 3530 quod
719 3463 899 3530 superaverat
921 3461 984 3530 ripa
1008 3462 1060 3514 etc.
1079 3478 1171 3530 neque
1193 3460 1301 3514 Plinius
1324 3461 1358 3514 N.
1374 3461 1446 3515 Hist.
1461 3462 1513 3531 Vl,
1529 3468 1575 3516 77:

265 3533 357 3587 ‘Asini
375 3531 462 3586 trium
479 3531 592 3584 urbium
610 3531 727 3586 incolae.
761 3535 848 3601 caput
866 3549 962 3586 eorum
977 3532 1148 3601 Bucephala,
1163 3532 1316 3586 Alexandri
1335 3533 1409 3602 regis
1428 3550 1509 3604 equo,
1530 3535 1576 3589 cui

264 3605 358 3658 fuerat
375 3604 429 3657 hoc
447 3619 562 3670 nomen,
580 3603 622 3657 ibi
647 3603 758 3672 sepulto
782 3603 946 3658 conditum'.
984 3603 1041 3657 iam
1064 3607 1139 3658 recte
1164 3604 1187 3658 si
1206 3604 1401 3658 contendimus
1420 3622 1508 3675 prope
1527 3605 1576 3658 Di-

264 3677 352 3730 lawctr
369 3675 467 3728 urbem
486 3674 650 3744 Hydaspem
674 3675 870 3728 transmissum
889 3675 1046 3745 Porumque
1065 3691 1160 3745 regem
1179 3675 1254 3729 cirea
1272 3675 1359 3746 Mong
1376 3677 1475 3730 urbem
1495 3693 1576 3746 supc-

264 3749 357 3801 ratum
377 3763 437 3800 esse
457 3746 492 3800 ab
511 3745 680 3813 Alexandro,
699 3763 788 3816 prope
806 3747 893 3816 Mong
915 3747 1014 3801 urbem
1032 3746 1155 3800 Nicaeae
1179 3748 1208 3801 et
1229 3763 1317 3817 prope
1337 3747 1460 3801 Dilawtr
1478 3749 1577 3803 urbem

264 3817 489 3887 Bucephalorum
513 3817 583 3872 situs
607 3817 769 3887 reperietur.
808 3820 836 3872 et
860 3820 957 3872 extant
979 3834 1076 3872 revera
1101 3819 1199 3872 ruinae
1226 3835 1313 3888 prope
1340 3818 1473 3888 Dilawar,
1497 3823 1577 3874 vetus

265 3890 395 3958 Darapur
412 3889 575 3944 nominatae
594 3890 668 3958 (vide
687 3888 883 3960 Cunningham
901 3890 914 3942 Ι
932 3908 959 3960 p.
976 3895 1027 3944 162
1046 3892 1075 3944 et
1093 3891 1180 3944 chart.
1202 3890 1261 3944 eius
1276 3890 1345 3960 Vll).
1383 3891 1459 3960 quod
1475 3908 1577 3946 nomen

265 3961 403 4030 reliquiae
422 3977 482 4014 esse
497 3961 607 4030 possint
620 3961 696 4015 vocis
712 3959 913 4029 Ἀλεξάνδρου
931 3960 1029 4023 πόλις
1047 3961 1092 4030 (cf.
1105 3961 1272 4030 Βουκεφάλα
1285 3960 1475 4029 Ἀλεξάνδρεια
1490 3963 1576 4035 [Arr]

265 4034 346 4102 Per).
383 4032 462 4102 regio
480 4032 510 4085 in
530 4049 586 4101 qua
600 4033 675 4086 inest
687 4032 738 4086 illa
752 4033 819 4086 urbs
832 4033 918 4086 hodie
932 4048 1044 4102 quoque
1058 4032 1105 4085 Bu
1110 4032 1183 4102 gial
1197 4032 1367 4102 appellatur,
1386 4035 1462 4104 quod
1475 4051 1578 4088 nomen

268 4121 329 4158 mea
352 4103 468 4174 quidem
491 4104 631 4158 sententia
646 4103 879 4186 pmmnghamI
902 4123 928 4172 p.
946 4109 995 4158 177
1019 4105 1095 4157 recte
1119 4105 1156 4158 ad
1174 4103 1337 4174 Bucephala
1359 4112 1454 4159 vetera
1479 4106 1578 4160 referri

266 4193 348 4246 posse
366 4178 457 4245 putat.
495 4175 603 4228 nummi
621 4175 662 4228 ib1
680 4175 787 4228 inventi
806 4177 872 4228 sunt
891 4191 924 4228 ex
947 4174 1038 4244 prima
1056 4175 1289 4244 Indoscytharum
1312 4179 1406 4231 aetate
1425 4176 1578 4249 (Ounning-

267 4249 333 4301 ham
351 4247 364 4299 I
387 4266 414 4316 p.
432 4249 507 4316 162),
531 4248 560 4300 ct
581 4263 670 4316 prope
688 4245 817 4316 Jalalpur
840 4249 877 4316 (p.
895 4249 956 4316 164)
980 4247 1028 4316 qui
1053 4247 1199 4316 attingunt
1219 4247 1303 4302 ‘back
1326 4249 1355 4302 to
1379 4249 1427 4302 the
1445 4249 1529 4302 times
1548 4249 1581 4303 of

266 4319 439 4373 Alexanders
468 4319 644 4372 successors’.
688 4333 721 4371 ac
745 4318 768 4371 si
792 4317 877 4371 Plinii
900 4318 1074 4387 temporibus
1096 4317 1180 4374 urbes
1199 4319 1425 4389 (Alexandream)
1449 4320 1578 4390 Darapur

267 4393 296 4444 et
319 4390 466 4460 Girivraga
494 4387 641 4458 (Girghak)
666 4389 736 4442 duas
759 4389 941 4443 Asinorum
968 4389 1081 4444 illorum
1107 4390 1190 4443 urbes
1213 4391 1301 4445 fuisse
1323 4394 1469 4461 putamus,
1492 4392 1579 4446 tertia

266 4463 386 4516 fortasse
418 4462 560 4514 Asanot
591 4461 654 4530 ipsa
689 4463 763 4529 erat,
798 4461 908 4515 munita
940 4461 1059 4516 fortasse
1091 4477 1108 4515 a
1139 4461 1340 4516 Macedonibus
1372 4463 1417 4517 vel
1448 4463 1578 4532 posteris,

267 4551 331 4656 epm
359 4533 496 4674 ovpffimam
519 4532 593 4586 viam
620 4534 747 4587 tueretur
769 4531 876 4586 Taxilis
904 4533 941 4587 ad
963 4533 1127 4602 Hydaspem
1150 4534 1298 4588 ducentem
1322 4534 1395 4604 (vide
1419 4533 1576 4604 Cunningh.

267 4622 281 4658 c
303 4607 354 4658 art.
435 4650 439 4658 .

357 4678 419 4745 184)
438 4676 473 4730 de
491 4675 599 4730 Nicaea
621 4676 691 4730 urbe
714 4693 802 4746 prope
820 4676 907 4746 Moug
929 4676 984 4730 sita
1003 4677 1032 4729 et
1050 4676 1171 4730 nummis
1190 4675 1232 4730 ibi
1250 4675 1372 4731 inventis
1391 4695 1455 4732 cum
1473 4678 1577 4733 litteris

267 4746 334 4801 NIK
348 4775 381 4794 =
396 4747 526 4802 NIKAIA
544 4748 608 4802 vide
627 4747 784 4818 Cunningh.
799 4748 812 4802 Ι
830 4766 857 4818 p.
875 4753 933 4803 178.
