3496 5308
684 334 904 402 ..55-

131 518 173 580 ut
208 517 305 602 fugae
335 516 507 601 participes
540 520 647 581 essent
677 516 867 601 persuadere
899 518 1015 601 potuit.
1060 517 1251 603 priusquam
1274 522 1383 584 autem
1415 519 1450 584 in

130 637 276 701 regnum
304 615 371 680 eins
403 637 591 702 progressus
615 618 664 679 est
687 613 870 679 Alexander
897 637 936 680 ex
960 613 1178 704 siricorum),
1200 618 1342 704 regionis
1366 619 1450 682 inter

132 711 263 777 Choem
287 711 401 777 Indum
426 711 603 797 Cophetem
626 713 743 777 fluvios
768 713 848 778 sitae
875 717 1036 798 satrapae,
1058 715 1181 780 nuntiis
1204 716 1295 781 audit
1317 715 1450 781 Assaca-

130 833 199 876 nos
223 811 393 878 interfecto
417 810 582 895 hyparcho
606 811 760 878 defecisse
783 811 1060 877 aMacedonibus.
1102 835 1139 878 ac
1162 814 1319 898 proximis
1339 813 1450 898 Tyria-

130 931 196 994 spe
221 914 349 994 satrape
376 909 686 994 Paropanisadarum
719 913 752 974 et
774 909 929 995 Philippo
953 910 1212 977 Peuoelaitarum
1241 912 1320 976 duee
1352 911 1448 977 iussis

130 1030 212 1073 cum
243 1008 344 1093 copiis
372 1009 406 1074 in
429 1006 608 1073 Assacenos
635 1009 793 1093 impetum
817 1009 921 1073 facere
944 1008 1013 1092 ipse
1040 1009 1105 1073 iam
1128 1010 1168 1074 ad
1190 1007 1361 1076 Acesinem
1384 1033 1449 1075 am-

128 1130 211 1172 nem
245 1108 348 1172 movit
371 1107 550 1174 Thracibus
582 1107 770 1191 adsumptis,
803 1129 884 1191 quos
907 1106 1165 1191 Phrataphernes
1193 1107 1448 1192 Parthyaeorum

129 1209 166 1270 ot
192 1205 419 1290 Hyrcanorum
443 1209 571 1290 satrapa
594 1205 778 1270 adduxerat.
824 1226 862 1270 ac
888 1206 1082 1289 processisse
1105 1207 1232 1271 videtur
1254 1208 1288 1270 in
1311 1206 1449 1292 regioni-

128 1305 196 1370 bus
216 1305 379 1369 montanis
403 1305 455 1369 vel
477 1303 710 1388 submontanis,
733 1307 766 1367 et
789 1303 876 1388 quod
899 1303 945 1368 ibi
963 1304 1171 1388 potissimum
1189 1304 1337 1370 homines
1359 1305 1449 1370 habi·

129 1407 208 1468 tant
241 1407 373 1487 propter
404 1403 549 1468 locorum
581 1402 783 1466 fertilitatem
816 1402 912 1467 modo
945 1403 1153 1486 pulvinorum
1185 1425 1224 1467 ex
1256 1403 1393 1488 planitie
1415 1405 1450 1468 in

128 1506 265 1566 montes
283 1500 457 1584 Himdlaya
475 1500 726 1585 ascendentium,
749 1503 781 1565 et
799 1522 840 1565 ne
858 1500 1016 1565 imbribus
1036 1504 1102 1565 tam
1122 1501 1264 1587 graviter
1286 1502 1449 1568 afficeren-

129 1775 210 1828 quae
234 1759 264 1812 in
283 1757 420 1813 Strabone
444 1759 609 1828 sequuntur:
638 1759 753 1810 καλοῦσι
777 1754 808 1810 δὲ
829 1755 996 1824 Γανδαρίδα
1018 1757 1070 1827 τὴν
1092 1757 1148 1812 ὑπὸ
1173 1757 1261 1812 τούτω
1280 1759 1374 1829 χώραν
1392 1777 1449 1813 non

128 1832 171 1885 ad
188 1831 292 1884 Porum
311 1829 431 1884 alterum
449 1829 547 1883 referri
565 1844 647 1898 posse
666 1827 1053 1895 docetDiodor.XVH,91,1
1074 1829 1136 1883 coll.
1152 1831 1211 1883 Arr.
1223 1813 1256 1895 V,
1267 1835 1341 1896 21,3:
1360 1829 1448 1884 Porus

129 1903 236 1972 φεύγει
254 1901 306 1971 τὴν
325 1901 426 1956 ἑαυτοῦ
445 1900 576 1970 (Arrian.)
600 1903 686 1969 atque
709 1900 739 1952 in
758 1898 935 1953 Gandaridas
955 1900 1084 1969 confugit
1103 1901 1205 1970 (Diod.)
1225 1900 1363 1955 Gandaris
1382 1918 1449 1972 ergo

128 1974 192 2028 nisi
209 1973 289 2043 regio
304 1973 428 2042 Sopithis
442 1971 586 2026 Diodorici
605 1987 666 2025 esse
684 1971 790 2040 nequit.
828 1970 905 2024 illius
925 1975 1020 2026 autem
1038 1989 1156 2041 reguum
1170 1974 1200 2026 et
1213 1971 1351 2027 Cathaeos
1366 1975 1450 2027 antea

129 2045 249 2100 Curtius
269 2048 366 2114 aperte
385 2047 462 2098 trans
478 2043 628 2112 Hyarotim
646 2043 734 2111 ponit.
772 2043 912 2096 Diodorus
930 2043 1016 2113 plane
1035 2061 1099 2097 cum
1118 2060 1151 2098 eo
1171 2045 1308 2114 congruit,
1326 2044 1449 2098 fluminis

129 2133 205 2171 sane
233 2132 335 2171 nomen
363 2119 392 2170 et
414 2115 565 2169 transitum
589 2114 703 2168 omittit.
741 2113 843 2183 quibus
867 2131 923 2168 non
952 2118 1092 2185 repugnat
1114 2115 1249 2169 Arrianus
1268 2115 1302 2182 V,
1317 2122 1378 2181 21,4
1401 2117 1450 2185 qui

127 2190 245 2242 narrat:
274 2187 320 2242 ἐπὶ
348 2195 448 2241 τοῦτον
472 2189 585 2256 (Πῶρον
609 2186 659 2240 τὸν
683 2184 788 2255 ἕτερον)
817 2185 941 2240 ἐλαύνων
964 2187 1127 2255 ἀφικνεῖται
1152 2185 1198 2241 ἐπὶ
1221 2187 1270 2241 τὸν
1290 2185 1449 2257 Ὑδραώτην

129 2259 272 2328 ποταμόν.
310 2259 398 2313 Porus
421 2258 510 2328 igitur
532 2258 654 2312 testibus
677 2257 764 2311 etiarn
783 2256 945 2311 Ptolemaeo
971 2260 1000 2311 et
1018 2257 1181 2312 Aristobulo
1204 2261 1282 2312 trans
1301 2258 1449 2328 Hyarotim

128 2333 257 2401 fugerat.
296 2331 366 2384 duos
386 2346 452 2400 ergo
471 2329 607 2383 habemus
626 2327 746 2399 populos
765 2327 903 2383 Cathaeos
922 2345 1025 2398 eosque
1045 2329 1182 2398 diversos,
1206 2330 1319 2384 nomine
1337 2333 1450 2384 tanturn

128 2421 147 2458 a
172 2401 288 2456 Graecis
307 2401 440 2472 imposito
459 2417 550 2470 pares,
570 2401 640 2455 duos
659 2416 770 2470 quoquc
788 2417 869 2468 reges
888 2400 1028 2470 Sopithas.

228 2476 290 2544 200)
309 2473 370 2528 cod.
381 2473 494 2526 Arriani
509 2469 624 2527 Σισίλοο
638 2471 683 2526 vel
697 2469 815 2526 Σιοίκοο
834 2471 971 2540 praebent
986 2472 1018 2538 V,
1029 2477 1098 2539 20,7.
1128 2473 1289 2527 coniectura
1303 2473 1449 2526 Blamardi

128 2544 303 2600 Σισικόττου
323 2545 392 2599 satis
415 2543 571 2614 probabilis
591 2547 641 2610 est,
661 2559 833 2612 quamquam
852 2543 957 2596 Lassen
976 2543 1060 2598 aliter
1079 2544 1167 2599 sensit
1184 2544 1210 2598 11
1228 2563 1255 2614 p.
1273 2550 1323 2598 165
1344 2544 1407 2598 adn.
1424 2549 1449 2610 3,

128 2618 186 2687 qui
206 2614 346 2672 Φιλίππου
370 2615 507 2683 restituit3
536 2631 602 2669 nam
625 2618 724 2685 postea
743 2615 892 2684 Philippus
917 2615 1032 2685 quidem
1057 2617 1172 2684 satrapa
1190 2615 1289 2670 Indiae
1306 2615 1449 2670 ulterioris

129 2694 196 2758 (τῆς
215 2687 261 2742 ἐπ’
279 2689 372 2742 ἐκεῖνα
390 2696 440 2741 τοῦ
457 2686 560 2756 Ἰνδοῦ)
579 2703 668 2756 nsque
687 2687 724 2740 ad
738 2686 919 2741 Bactrianam
938 2689 1069 2741 extensae
1089 2690 1323 2742 commemoratur
1341 2687 1375 2741 cf.
1387 2688 1447 2741 Arr.

128 2761 182 2827 VI,
203 2766 253 2826 a,3.
292 2775 364 2829 quae
387 2759 429 2813 ita
453 2759 530 2812 dicta
553 2775 614 2813 esse
637 2758 817 2813 crediderunt
840 2758 931 2812 critici
954 2759 1136 2824 recentiores,
1155 2759 1237 2828 quasi
1256 2759 1380 2825 deloco,
1399 2759 1449 2812 ubi

129 2831 297 2886 Alexander
314 2834 376 2886 tum
396 2834 464 2898 erat,
483 2830 619 2884 Arrianus
638 2830 809 2899 scripsisset,
828 2833 861 2884 ut
878 2829 957 2900 regio
976 2832 1050 2884 esset
1067 2831 1142 2884 inter
1158 2829 1262 2884 Ohoem
1279 2831 1381 2884 Indum
1399 2830 1449 2884 Co-

128 2904 257 2974 phenem
281 2902 343 2956 sita.
381 2902 460 2956 cuius
482 2902 605 2972 regionis
624 2901 793 2956 Nicanorem
817 2904 960 2970 satrapam
984 2901 1070 2956 fuisse
1089 2902 1243 2956 omiserunt
1266 2901 1311 2971 (cf.
1327 2902 1371 2969 IV,
1388 2906 1448 2968 28,6

130 2975 183 3028 ἐπὶ
200 2974 268 3028 τάδε
287 2981 337 3028 τοῦ
353 2971 465 3043 Ἰνδοῦ).
503 2973 651 3043 Philippus
672 2989 739 3026 sane
758 2973 861 3041 aliquis
875 2973 906 3026 in
919 2972 1118 3027 Peuoelaotide
1136 2974 1205 3027 urbe
1225 2991 1288 3028 cunr
1306 2973 1449 3042 praesidio

129 3049 249 3101 tantum
272 3045 387 3100 relictus
411 3048 479 3099 erat.
518 3045 636 3100 aiterum
662 3048 757 3098 autern
776 3044 940 3114 Philippum
959 3044 1108 3098 Machatae
1127 3045 1216 3098 filiurn
1235 3044 1341 3098 Taxilis
1361 3047 1449 3099 satra-

129 3134 203 3188 pam
226 3117 386 3171 Alexander
413 3117 568 3171 constituit.
611 3117 645 3170 cf.
661 3117 694 3183 V,
710 3121 760 3183 8,3.
798 3116 901 3169 mirum
924 3116 1044 3170 eundem
1061 3117 1141 3169 -si
1164 3116 1279 3185 quidem
1302 3116 1378 3170 idem
1397 3119 1448 3182 est,

129 3206 203 3243 nam
222 3189 257 3243 de
276 3188 351 3242 Phili
371 3205 408 3258 po
427 3188 652 3243 Peuoelaitarum
670 3187 814 3256 praefecto
837 3203 934 3242 revera
957 3187 1105 3257 sequentia
1122 3187 1168 3241 vix
1187 3187 1244 3242 dici
1262 3191 1396 3257 poterunt
1415 3220 1448 3227 -

129 3263 236 3331 postea
255 3268 304 3329 τῆς
323 3259 357 3314 ἐτι
381 3260 475 3315 ἐκεῖνα
488 3269 539 3314 τοῦ
554 3258 649 3314 Ἰνδοῦ
668 3260 706 3321 ὡς
724 3259 770 3315 ἐπὶ
785 3256 929 3327 Βακτρίων
948 3267 999 3328 γῆς
1016 3262 1129 3314 tentum
1146 3259 1286 3313 nominari
1306 3262 1449 3328 satrapam

130 3333 170 3402 (si
188 3333 260 3385 haec
278 3331 363 3385 verba
382 3331 417 3384 de
431 3331 584 3385 Alexandri
603 3331 665 3386 loco
685 3331 762 3385 dicta
780 3330 1003 3401 intelleguntur).
1033 3331 1144 3385 accedit
1158 3331 1234 3400 quod
1249 3331 1337 3386 etiam
1351 3330 1448 3399 Tyria-

131 3421 200 3473 spes
215 3403 489 3473 Paropanisadarum
504 3402 662 3458 Bactrianis
681 3402 864 3456 finitimorum
887 3405 949 3456 tum
972 3404 1033 3457 erat
1052 3405 1174 3473 satrapa.
1213 3419 1299 3471 quare
1318 3402 1449 3470 equidem

131 3475 221 3529 verba
247 3475 284 3538 ὡς
307 3473 352 3527 ἐπὶ
372 3471 516 3542 Βακτρίων
540 3483 590 3544 γῆς
612 3474 781 3542 interposita
805 3474 877 3527 duco
902 3490 962 3528 esse
985 3490 1002 3528 a
1021 3474 1104 3528 docto
1148 3475 1313 3528 rammatico
1333 3473 1381 3542 qui
1401 3470 1444 3527 ἐπ’

131 3547 231 3602 ἐκεῖνα
249 3553 300 3600 τοῦ
316 3542 409 3601 Ἰνδοῦ
428 3545 569 3615 explicare
587 3545 677 3600 voluit
701 3545 750 3599 sed
769 3546 879 3599 erravit.
917 3561 983 3599 narn
1007 3546 1042 3600 de
1061 3493 1224 3600 Taxilarum
1241 3545 1356 3615 regione
1375 3562 1448 3598 snm-

130 3618 241 3688 pserim
263 3625 313 3686 τῆς
337 3614 381 3672 ἐπ’
399 3617 493 3672 ἐκεῖνα
516 3626 566 3672 τοῦ
582 3614 689 3683 Ἰνδοῦ,
714 3617 749 3670 (1ο
767 3617 880 3670 Arriani
903 3617 965 3670 loco
989 3617 1134 3686 scriptoris
1158 3617 1247 3684 dicta3
1275 3632 1367 3685 neque
1389 3616 1450 3670 ulla

131 3691 193 3743 iam
212 3688 382 3743 necessitate
401 3688 528 3758 cogimur
546 3690 578 3742 nt
598 3691 730 3758 putemus
744 3688 908 3758 Philippum
922 3688 1013 3742 Mach.
1029 3688 1048 3742 f.
1064 3689 1121 3742 sive
1140 3688 1221 3742 illum
1240 3688 1290 3756 qui
1303 3687 1448 3742 Peuoelai-

131 3764 230 3816 tarum
248 3759 407 3828 praefectus
427 3763 488 3814 erat
501 3760 652 3830 praesidio,
666 3761 871 3814 Assacanornm
884 3759 971 3814 fuisse
986 3762 1136 3828 satrapam.
1174 3759 1286 3813 videtur
1301 3759 1448 3813 Sisicottus

131 3835 200 3902 post
218 3831 389 3886 Nicanorem
406 3832 466 3886 vita
489 3831 608 3886 fortasse
633 3831 797 3886 defunctum
821 3830 879 3885 sive
898 3831 955 3884 alia
974 3832 1009 3885 de
1028 3847 1128 3884 caussa
1146 3831 1316 3900 magistratu
1335 3831 1448 3885 abdica-

132 3907 197 3958 tum
216 3905 332 3972 satrapa
355 3903 391 3957 ab
411 3903 570 3958 Alexandro
593 3903 686 3958 factus
710 3919 782 3969 esse,
805 3919 862 3956 non
881 3903 964 3956 modo
984 3919 1051 3956 sane
1069 3902 1274 3957 Assacanorum
1293 3903 1341 3957 sed
1360 3901 1448 3956 totius

132 3975 260 4044 regionis
282 3975 358 4028 intra
377 3974 481 4029 Choem
499 3975 600 4028 ludum
619 3974 777 4045 Cophenem
802 3973 898 4028 flumas
922 3974 1000 4028 sitae.
1038 3973 1087 4028 ille
1105 3977 1166 4028 tum
1190 3991 1240 4043 per
1258 3975 1371 4028 nuntios
1389 3990 1449 4028 rem

133 4045 297 4101 Alexandro
316 4045 416 4112 defert,
435 4046 484 4114 qui
503 4046 661 4116 praefectos
679 4046 825 4116 regionum
843 4045 1007 4112 vicinarum,
1025 4046 1104 4100 velut
1117 4045 1283 4115 Tyriaspem
1296 4045 1449 4115 Paroponi-

133 4119 269 4172 sadarum
284 4119 427 4187 satrapam
440 4121 529 4186 utque
543 4118 654 4172 videtur
668 4117 832 4187 Philippum
841 4117 1066 4172 Peuoelaitarum
1081 4117 1180 4171 ducem
1195 4117 1222 4172 ei
1236 4117 1341 4171 auxilio
1354 4116 1449 4170 venire

133 4190 222 4244 iubet.
262 4191 385 4242 ceterum
408 4206 443 4243 ue
472 4190 525 4244 hoc
554 4191 696 4245 omittam:
725 4205 876 4258 quemnam
898 4188 1073 4259 hyparchum
1095 4189 1231 4243 Assaceni
1255 4188 1449 4243 interfecerint

134 4261 286 4326 nescimus,
306 4277 369 4314 curn
388 4263 473 4316 antea
491 4278 547 4314 non
567 4264 664 4331 aperte
683 4261 791 4315 dictum
816 4261 866 4327 sit,
885 4261 1076 4315 Alexandrum
1095 4261 1135 4314 eis
1154 4260 1329 4330 hyparchum
1347 4277 1449 4313 novum

135 4332 328 4398 constituisse,
347 4334 441 4387 vetere
455 4333 485 4386 in
498 4333 693 4402 Massagorurn
706 4333 784 4386 urbis
799 4333 1011 4402 oppugnatione
1024 4334 1133 4386 necato.
1170 4332 1321 4386 verisimile
1335 4330 1449 4399 quidem

135 4407 180 4458 est
197 4421 301 4458 novum
319 4403 495 4474 hyparchum
514 4403 669 4459 Assacanos
693 4405 836 4473 accepisse
860 4405 896 4458 ab
914 4404 1074 4458 Alexandro
1098 4419 1131 4457 ac
1150 4404 1228 4458 novit
1245 4403 1381 4456 Arrianus
1399 4419 1448 4456 no-

133 4476 213 4529 mina
241 4476 360 4529 duorum
387 4475 595 4545 hyparchornm
621 4477 696 4530 inter
718 4475 871 4529 Alexandri
900 4476 1027 4540 comites,
1055 4475 1175 4530 alterum
1198 4479 1344 4543 Κωφαῖον,
1372 4476 1448 4528 certe

135 4564 208 4612 eum,
228 4547 308 4601 cuius
328 4563 396 4617 gens
415 4548 532 4616 propius
546 4553 674 4616 Κωφῆνα
693 4547 768 4601 circa
787 4546 907 4600 Peucela
925 4547 1023 4601 urbem
1041 4546 1199 4612 habitabat,
1219 4545 1339 4600 alterum
1352 4543 1448 4599 Ἀοσα-

136 4618 219 4688 γέτην
247 4617 346 4687 populi
375 4619 647 4688 septentrionalioris
671 4619 874 4672 Assacanorum
900 4618 1083 4688 hyparchum.
1128 4634 1201 4686 quac
1228 4618 1343 4671 nomina
1366 4617 1448 4685 quasi

135 4690 335 4759 magistratum
354 4689 554 4759 significabant
571 4708 628 4744 non
646 4691 796 4755 hominem,
816 4691 858 4744 ita
876 4691 908 4742 ut
923 4688 1085 4761 Ἀσσαγέτης
1103 4705 1163 4745 esse
1178 4691 1274 4759 posset
1286 4689 1447 4759 hyparchos

136 4761 340 4816 Assacanorum
359 4761 394 4815 ab
413 4762 573 4817 Alexandro
593 4763 633 4817 eis
653 4762 830 4817 constitutus.
