3506 5306
690 293 910 356 „99-

143 473 243 537 classe
272 473 359 536 misit
386 476 486 556 utque
514 472 612 536 trium
636 472 760 536 dlerum
783 473 897 536 itinere
922 469 1088 535 Craterum
1116 475 1331 554 praeverteret
1354 472 1453 555 impe-

140 571 233 634 ravit.
267 571 425 653 reliquum
449 571 513 633 iam
538 570 712 634 exercitum
736 571 770 632 in
793 575 857 634 tres
881 573 988 653 partes
1012 570 1133 633 divisit:
1157 591 1292 652 quarum
1316 571 1453 652 primam

140 667 376 753 Hephaestioni
409 669 564 751 subdidit,
600 669 752 732 mandans
785 672 821 732 ut
855 669 996 751 quinque
1028 668 1151 732 dierum
1184 669 1246 749 itep
1278 668 1452 731 secundum
1489 710 1491 714 .

138 766 310 832 Acesinem
347 767 606 852 progrederetur,
642 767 706 831 hoc
742 767 827 830 enim
866 765 961 830 modo
1000 767 1027 829 si
1060 766 1115 848 qui
1147 766 1254 849 ipsum
1287 767 1320 828 in
1351 771 1453 830 trans-

141 888 269 929 versum
289 869 399 949 aperte
418 866 731 948 appropinquantem
751 865 909 950 fugerent,
932 865 966 936 in
984 863 1257 948 Hephaestionem
1276 865 1452 928 incidentes

139 968 270 1046 captum
304 964 344 1032 iri
377 963 533 1046 sperabat.
580 964 665 1047 parti
693 964 785 1027 alteri
808 963 962 1046 praefecit
985 960 1206 1026 Ptolemaeum
1230 984 1324 1045 quem
1348 963 1451 1026 tribus

138 1061 251 1126 diebus
284 1066 359 1145 post
391 1063 497 1144 ipsum
530 1062 710 1146 digressum
743 1059 1017 1144 Hephaestionem
1051 1061 1141 1143 sequi
1174 1065 1205 1126 et
1237 1065 1451 1126 retroversum

138 1160 299 1245 fugientes
333 1160 480 1243 excipere
512 1161 613 1224 iussIt.
660 1161 729 1242 ipse
761 1160 889 1223 tertiam
922 1162 1046 1242 partem
1080 1159 1178 1222 duxit.
1227 1159 1376 1222 mandato
1406 1160 1451 1223 eis

138 1247 195 1340 qui
219 1259 476 1342 praecessissent,
499 1263 536 1321 ut
560 1279 633 1321 cum
657 1258 697 1322 ad
716 1257 886 1322 Acesinem
905 1255 1141 1340 Hyarotimque
1166 1257 1363 1322 confluentes
1382 1280 1451 1341 per·

134 1357 298 1420 venissent
327 1357 539 1420 subsisterent
567 1360 663 1439 atque
692 1357 798 1440 ipsum
821 1354 1043 1420 Ptolemaeum
1073 1360 1104 1418 et
1129 1353 1296 1419 Craterum
1325 1357 1359 1418 in
1382 1357 1452 1439 ripa

136 1454 271 1518 adversa
294 1455 518 1518 admoventem
543 1459 762 1538 expectarent,
790 1455 988 1538 hypaspistis
1017 1453 1195 1538 adsumptis
1220 1459 1252 1518 et
1276 1455 1450 1540 sagittariis

134 1551 352 1638 Agrianisqne
390 1556 422 1616 et
458 1553 721 1635 penhetacrorum
757 1553 885 1638 legione
921 1575 998 1635 una,
1036 1553 1087 1616 cui
1119 1551 1239 1616 Pithon
1271 1553 1450 1636 praefectus

134 1646 280 1736 eratffi),
312 1654 409 1732 atque
441 1649 691 1733 hippaoontistis
724 1651 874 1714 omnibus
908 1651 1117 1733 equitumque
1150 1651 1327 1714 amicorum
1360 1656 1451 1734 parte

134 1749 269 1812 dimidia
302 1749 336 1811 in
364 1746 479 1812 Mallos
509 1748 608 1812 duxit.
655 1770 733 1834 gens
761 1747 871 1812 Indica
899 1753 990 1812 erant
1017 1748 1121 1832 Malli,
1153 1749 1272 1813 liberae
1305 1751 1450 1814 civitates

132 1847 266 1931 regibus
285 1869 352 1910 non
372 1846 531 1930 subditam
550 1844 798 1931 habitabant³¹⁶)
820 1848 903 1910 circa
922 1845 1094 1930 Hyarotim
1113 1847 1248 1912 fluvium
1268 1847 1450 1912 inferiorem

131 2023 219 2072 κηται
239 2004 284 2058 ἐπὶ
303 2003 338 2058 sd
358 2000 422 2072 ὅρια
440 2013 490 2057 τοῦ
510 2007 633 2059 Μαλλῶν
653 2005 764 2066 ἔθνους.
793 2004 855 2073 ipse
869 2003 977 2058 interea
991 2005 1022 2058 in
1037 2003 1118 2058 Sibas
1133 2005 1340 2074 Agalassesque
1354 2007 1449 2060 movit.

131 2076 193 2128 iam
220 2075 296 2129 redit
324 2076 361 2128 ad
389 2075 561 2128 classcm—
580 2076 618 2128 ad
645 2075 713 2128 fines
742 2075 830 2145 igitur
857 2076 981 2146 regionis
1005 2075 1208 2129 Mallorum-
1227 2077 1277 2130 ubi
1304 2077 1449 2131 Craterum

131 2147 262 2216 repperIt
281 2149 309 2201 et
327 2147 567 2230 Hephaestionem
586 2150 615 2200 et
628 2146 800 2216 Philippum.
838 2147 940 2200 certe
932 2163 990 2200 ram
1008 2147 1048 2200 ali
1049 2150 1119 2216 quot
1138 2147 1231 2201 stadia
1250 2165 1267 2201 a
1286 2148 1450 2202 confluenti-

131 2219 188 2271 bus
208 2218 370 2272 amnibns'
362 2236 392 2270 ιιι
415 2217 562 2272 meridiem
585 2219 661 2272 totus
685 2219 823 2272 exercitus
846 2221 1022 2288 processerat
1041 2222 1126 2308 atquc
1145 2218 1321 2288 Philippus
1312 2236 1374 2289 ipse
1392 2221 1449 2273 iam

132 2290 243 2344 aderat.
283 2306 403 2380 cumque
431 2290 530 2344 fluvius
559 2289 634 2342 infra
658 2289 829 2344 confluentes
853 2291 1045 2344 nominaretur
1065 2287 1214 2359 Ἀκεσίνης
1237 2291 1308 2360 (Arr.
1329 2291 1375 2359 VI,
1395 2296 1449 2362 33)

131 2363 186 2414 aut
204 2379 255 2430 pro
274 2361 324 2416 τὸν
340 2359 491 2431 Τὸοίσπην
509 2361 638 2430 ποταμὸν
657 2360 836 2415 scribendum
854 2361 904 2416 τὸν
918 2359 1058 2431 Ἀκεσίνην
1075 2311 1214 2430 ποταμόν,
1233 2361 1304 2416 aut
1312 2335 1448 2452 Τιλοίσπην

130 2437 282 2502 tamquam
305 2434 457 2487 nescientis
481 2433 591 2486 librarii
615 2433 841 2486 additamentum
860 2433 1011 2486 delendum
1030 2433 1098 2502 (Iam
1116 2433 1275 2502 Kruegerus
1293 2432 1364 2488 τὸν
1373 2435 1448 2488 Τὸοί-

131 2521 208 2573 σπην
226 2505 355 2573 ποταμὸν
373 2504 454 2558 uncis
469 2505 640 2573 incluserat).
669 2503 838 2576 διαβιβάσας
855 2505 905 2560 τὸν
919 2504 1046 2574 ποταμὸν
1061 2505 1088 2558 ei
1102 2506 1151 2573 qui
1165 2521 1224 2558 rem
1238 2508 1317 2560 tenet
1330 2508 1447 2572 attente,

132 2575 205 2628 satis
225 2591 286 2629 esse
306 2575 417 2642 debuit3
436 2577 534 2645 itaque
553 2577 688 2629 Arrianus
708 2578 783 2630 certe
803 2576 898 2630 omisit
916 2592 1018 2630 nomen
1037 2576 1141 2629 addere
1159 2575 1245 2631 fluvii.

243 2651 306 2716 315)
326 2647 437 2701 videtur
452 2645 518 2701 Cliti
533 2648 603 2700 haec
617 2647 692 2716 legio
708 2647 776 2700 olim
789 2646 884 2701 fuisse.
913 2648 1068 2717 Antigenes
1084 2649 1159 2701 enim
1174 2647 1259 2702 Coeni
1273 2649 1303 2701 in
1318 2649 1447 2704 ducenda

131 2718 246 2786 legione
266 2735 409 2772 successor
427 2719 497 2772 mihi
516 2719 666 2772 videbatur
683 2718 713 2770 in
732 2735 817 2788 supra
836 2719 979 2788 expositis.

243 2793 306 2860 316)
330 2791 354 2843 si
378 2789 504 2844 Curtium
527 2790 738 2859 Diodorumque
761 2791 855 2857 audis
884 2790 958 2844 infra
981 2790 1081 2844 Indum
1104 2791 1307 2873 Acesinemque
1331 2793 1448 2846 extitere

132 2861 315 2916 confluentes.
353 2862 457 2915 rectius
485 2865 572 2931 atquc
595 2862 698 2915 clarius
722 2862 857 2916 Arrianus
881 2863 994 2916 illorum
1018 2863 1112 2916 sedam
1135 2863 1303 2917 indicavit'
1295 2881 1325 2916 ιιι
1348 2865 1446 2934 exped

131 2932 296 2986 Alexandri.
335 2933 365 2986 in
383 2933 442 2988 Ind.
463 2939 524 3000 410
548 2950 581 2986 ex
605 2933 788 3003 Megasthene
812 2933 905 2987 adfert
928 2933 942 2987 ὁ
967 2934 997 2989 δὲ
1020 2930 1156 3004 Ἀκεσίνης
1180 2934 1210 2988 ἐν
1233 2938 1360 3018 Μαλλοῖς
1382 2936 1448 3004 ξομ-

131 3003 228 3075 βάλλει
247 3008 286 3058 τῶ
299 3001 387 3077 Ἰνδῷ,
425 2977 543 3058 dubium
561 3008 666 3072 tamen,
684 3023 753 3058 num
771 3009 831 3060 tam
849 3005 907 3059 late
931 3005 1038 3059 fuerint
1061 3005 1129 3058 fines
1148 3006 1324 3059 Mallorum
1316 3025 1346 3059 m
1365 3008 1448 3060 meri-

132 3075 210 3129 diem
233 3092 329 3130 versus
357 3059 516 3146 propagati.
554 3093 620 3130 nam
642 3049 708 3130 vide
730 3077 791 3130 Arr.
810 3077 857 3146 VI,
878 3082 937 3143 14,3
958 3075 1143 3146 Ἀλέξανδρος
1165 3077 1197 3132 δὲ
1227 3077 1373 3148 σατράπην
1397 3079 1447 3147 μὲν

131 3148 244 3210 τούτοις
262 3167 292 3201 τε
311 3147 486 3217 (Oxydracis)
506 3149 627 3202 καὶτῶν
646 3151 769 3202 Μαλλῶν
787 3157 846 3212 τοῖς
865 3149 905 3203 ἔτι
925 3147 1089 3217 σωζομένοις
1112 3146 1225 3214 ἐπέταξε
1246 3146 1394 3217 Φίλιππον,
1414 3167 1447 3204 ac

132 3222 234 3288 postea
248 3218 384 3285 V1,1o‚:a
406 3217 546 3274 Φιλίππου
565 3218 615 3288 μέν
634 3219 669 3288 δὴ
688 3227 737 3288 τῆς
756 3217 926 3289 σατραπείας
945 3218 1028 3288 ίίροος
1047 3219 1166 3285 ἔταξε
1138 3241 1188 3282 τας
1202 3221 1341 3292 συμβολὰς
1355 3230 1404 3276 τοῦ
1417 3242 1447 3276 τε

129 3238 294 3346 ῬΑκεσίνοο
305 3263 355 3344 καί
376 3288 479 3346 'ladon
517 3291 653 3344 Mallosi
677 3291 732 3344 tur
757 3294 841 3345 antea
861 3309 918 3345 non
937 3292 975 3345 ad
994 3294 1125 3346 coeuntes
1150 3308 1245 3346 amnes
1269 3292 1333 3346 illos
1357 3293 1447 3347 voluit

132 3363 257 3416 extendi.
296 3361 396 3416 Strabo
415 3362 512 3431 XVp
534 3367 629 3429 70133
679 3378 728 3416 aec
757 3363 882 3432 scripsit:
911 3363 928 3431 ἡ
954 3364 986 3419 δὲ
1009 3364 1111 3432 μεταξὺ
1134 3372 1184 3417 τοο
1206 3360 1301 3420 Ἰνδοο
1325 3365 1374 3417 καλ
1396 3373 1447 3417 τοο

127 3432 282 3488 Tdeconov
302 3433 410 3502 είρηται
429 3432 529 3502 σχεδόν
542 3454 569 3487 τι
587 3431 635 3503 ὑφ’
653 3429 692 3488 ὧν
711 3435 829 3488 οἰκεῖται
847 3444 903 3489 τῶν
918 3432 1005 3500 αξίων
1024 3434 1138 3504 μνήμης.
1168 3432 1283 3490 κοίτωιλ’
1299 3435 1361 3504 ἑξης
1375 3436 1446 3489 εἰσιν

131 3503 168 3560 οἴ
180 3526 208 3560 τε
228 3502 315 3576 Σίβαι
333 3503 477 3576 λεγόμενοι
496 3506 544 3558 καί
562 3506 674 3559 Μαλλοί
693 3507 742 3559 καλ
757 3506 904 3574 Σοὸροίκαι
923 3505 1028 3577 μεγάλα
1049 3507 1126 3576 ἔθνη.
1161 3506 1342 3575 nequeenim
1360 3507 1446 3560 verba

130 3577 194 3630 eius
213 3593 328 3630 necesse
348 3580 391 3631 cst
408 3577 450 3630 ita
470 3577 606 3658 accipere,
626 3577 708 3646 quasi
727 3577 803 3631 intra
816 3577 917 3630 Indum
932 3581 960 3631 et
974 3577 1139 3647 Hydaspem
1152 3577 1251 3660 populi
1267 3577 1350 3631 Sibae
1364 3578 1445 3631 Malli

131 3649 277 3702 Sudracae
299 3648 498 3703 habitaverint.
536 3647 578 3701 nil
601 3648 696 3702 obstat
719 3648 868 3718 quominus
887 3649 962 3702 hunc
982 3648 1127 3703 Strabonis
1151 3649 1313 3703 nuntium'
1305 3667 1335 3702 ιιι
1354 3666 1445 3703 meam

129 3721 304 3775 sententiam
332 3736 417 3789 supra
445 3720 552 3774 dictam
579 3720 614 3772 de
637 3719 732 3772 Mallis
757 3719 967 3789 Oxydracisque
995 3720 1153 3774 adhibeam.
1193 3722 1316 3774 ceterum
1343 3720 1445 3775 Mallos

129 3791 226 3862 priore
249 3792 311 3845 loco
335 3794 534 3846 commemorat
559 3794 591 3845 ut
619 3790 705 3844 etiam
728 3792 863 3845 Arrianus
888 3791 933 3862 (cf.
953 3791 999 3859 VI,
1024 3797 1067 3858 4,3
1090 3793 1176 3861 inque
1199 3792 1297 3861 primis
1317 3791 1362 3846 VI.
1385 3799 1444 3856 11,3

130 3863 182 3933 qui
206 3863 282 3917 idem
306 3879 322 3916 a
346 3862 476 3917 Cathaeis
501 3879 628 3932 egressus
651 3863 756 3931 primos
781 3862 956 3932 Oxydracas,
979 3866 1041 3917 tum
1059 3862 1160 3917 Mallos
1184 3864 1311 3917 nominat
1325 3863 1358 3930 V,
1374 3869 1443 3932 333,

131 3935 167 3988 af.
183 3935 243 3988 Ind.
259 3938 313 4004 49)
332 3935 429 3988 lustin.
444 3934 503 4000 XII,
519 3943 542 3987 a.
581 3933 693 3987 Curtius
713 3937 808 3988 autem
821 3933 868 4001 IX,
883 3941 957 4002 415:
980 3935 1057 3988 ‘inde
1072 3937 1185 3988 ventum
1200 3937 1243 3988 est
1256 3934 1286 3988 in
1300 3935 1445 4005 regionem

131 4007 322 4060 Sudracarum
340 4006 565 4074 Mallorumque.'
604 4005 639 4058 de
658 4005 752 4058 Mallia
776 4005 848 4059 nihil
870 4005 957 4060 refert
977 4038 1009 4046 -
1029 4006 1084 4059 nisi
1107 4005 1196 4059 mavis
1221 4006 1258 4059 ad
1277 4023 1322 4060 eos
1342 4007 1445 4060 referre

131 4082 172 4148 (et
191 4094 259 4132 sane
278 4078 315 4130 ad
334 4075 495 4146 Oxydracas
515 4077 690 4147 coniunctos)
709 4093 782 4145 quae
800 4081 950 4131 narrantur
968 4077 1014 4146 IX,
1033 4083 1108 4146 4353
1128 4078 1185 4131 iam
1204 4078 1234 4130 in
1252 4078 1322 4132 urbe
1342 4077 1444 4130 Sudra-

131 4166 229 4203 carum
252 4149 444 4203 Alexandrum
466 4148 644 4202 rulneratum
672 4165 733 4202 esse
760 4148 850 4203 tradIt
873 4152 898 4218 (ς
919 4152 971 4219 26),
996 4150 1072 4218 quod
1095 4149 1201 4219 apertis
1224 4149 1316 4203 verbis
1339 4149 1445 4202 refellit

132 4222 269 4274 Arrianus
284 4221 330 4286 VI,
347 4227 414 4288 11,3.
436 4221 470 4274 of.
487 4219 614 4274 Strabon.
629 4219 689 4288 XV,
703 4239 729 4289 p.
748 4225 806 4273 701.
845 4221 937 4275 elucet
954 4224 1051 4275 tamen
1070 4220 1156 4275 etiam
1175 4237 1209 4274 ex
1224 4220 1319 4274 Curtio
1338 4219 1443 4288 primos

131 4293 171 4346 ad
189 4293 337 4346 Acesinem
355 4292 443 4346 fuisse
461 4291 571 4358 Mallos,
591 4292 628 4345 ad
646 4292 783 4346 orientem
800 4307 895 4346 versus
914 4292 1059 4346 habitasse
1079 4291 1225 4346 Sudracas
1263 4291 1399 4345 Similiter
1412 4295 1444 4345 ut

132 4364 246 4418 Curtius
260 4366 357 4418 namot
370 4363 451 4418 Diod.
467 4363 552 4431 XVII,
565 4335 613 4416 be:
634 4363 702 4446 μετὰ
721 4362 854 4417 δὲταῦτα
869 4365 1037 4432 στρατεύσας
1051 4363 1097 4418 ἐπὶ
1112 4365 1297 4433 Συρακούσας
1315 4364 1444 4426 καὶτοὺς

133 4434 358 4518 ὀνομαζομένους
373 4435 514 4498 Μαλλούς.
542 4436 686 4488 tamenin
706 4434 888 4502 sequentibus
903 4435 999 4489 differt
1012 4436 1058 4488 hic
1073 4435 1133 4488 illic
1147 4452 1164 4489 a
1179 4435 1282 4490 Curtio.
1311 4436 1445 4498 Mallotis

133 4508 248 4560 omnino
271 4525 327 4562 non
350 4507 408 4561 iam
432 4509 638 4561 commemorat.
677 4503 739 4560 ὁδ’
760 4505 935 4575 Ἀλέξανδρος
956 4511 990 4578 τῇ
1013 4508 1109 4578 πρώτη
1133 4505 1212 4561 πόλει
1234 4505 1443 4575 πλησιάσας-

134 4581 196 4632 erat
214 4595 248 4632 ea
266 4579 296 4632 iu
319 4595 375 4648 qua
398 4594 447 4632 rex
470 4578 593 4647 graviter
611 4577 826 4631 vulneratar-
829 4580 884 4644 ,et
907 4579 931 4631 si
950 4577 1119 4647 positionem
1137 4578 1284 4632 verborum
1308 4577 1354 4632 ἐπὶ
1373 4580 1442 4646 Συρ.

134 4651 182 4703 καὶ
209 4653 334 4714 τονςν
302 4650 341 4704 ὀν.
370 4651 504 4712 Μαλλοὺς
530 4621 861 4731 respIoias,secund1im
890 4653 1032 4704 auctorem
1058 4649 1174 4704 Diodori
1202 4666 1258 4702 non
1287 4651 1348 4702 erat
1375 4649 1442 4702 urbs

134 4720 284 4775 Mallorum
308 4723 357 4776 sed
376 4720 617 4789 Oxydraoarum'
610 4738 639 4772 ιιι
663 4737 748 4788 quam
767 4721 925 4774 Alexander
950 4721 1076 4789 desiluit,
1102 4722 1150 4774 sed
1172 4720 1442 4821 Oxydracae,·quos
1503 4786 1513 4805 .
1550 4783 1560 4802 .
