3506 5306
653 337 895 404 —111-

121 518 206 597 sunt,
229 515 305 578 dum
331 515 465 598 appulsa
489 517 552 579 iarn
572 538 653 580 nave
672 516 711 579 ad
732 517 835 600 ripam
854 539 910 581 rex
934 518 1076 582 dextram
1103 518 1258 581 militibus
1278 518 1428 602 porrexit.

121 614 177 696 qui
203 614 376 678 clamorem
400 615 599 678 sustulerunt
621 615 795 699 ingentem,
818 616 920 700 gavisi
939 637 1046 701 regem
1066 638 1175 680 rursus
1194 616 1280 698 apud
1299 637 1333 680 se
1351 637 1427 680 esse.

120 711 174 774 alii
189 733 303 774 manus
318 712 352 774 in
367 710 498 795 caelum,
514 711 569 776 alii
584 713 618 776 in
631 713 738 795 ipsum
748 711 967 777 Alexandrum
981 713 1126 796 tendunt,
1140 714 1235 777 multi
1249 713 1426 778 lacrimant.

119 809 269 873 lecticam
293 832 367 873 cum
391 811 598 894 hypaspistae
621 809 804 874 Alexandro
829 833 846 875 e
868 833 950 875 nave
973 833 1100 897 egresso
1125 811 1287 894 afferrent,
1310 833 1428 894 equum

120 908 216 970 iussit
234 906 357 972 adduci.
391 931 455 990 quo
475 930 649 973 conscenso
669 930 742 972 cum
768 913 949 974 comeretur
966 931 1086 992 rursus,
1105 931 1215 974 omnes
1234 911 1429 993 plauserunt.

119 1006 278 1069 laetitiam
298 1007 536 1090 clamoremque
553 1007 642 1090 ripae
666 1008 829 1091 silvaeque
852 1009 1059 1072 circumcirca
1081 1008 1293 1072 reddiderunt.
1331 1010 1367 1070 ut
1389 1006 1430 1070 ad

119 1105 366 1168 tabernaculum
390 1109 533 1188 venerat,
562 1127 600 1170 ex
629 1127 712 1188 equo
736 1106 912 1189 descendit,
939 1110 976 1170 ut
1003 1107 1100 1174 etiam
1123 1106 1257 1188 pedibus
1281 1104 1430 1170 incedens

121 1202 368 1284 conspiceretur.
403 1203 522 1267 milites
545 1207 653 1267 autem
677 1203 805 1267 aliunde
827 1204 883 1266 alii
905 1205 1217 1287 appropinquabant,
1236 1225 1349 1267 manus
1367 1203 1432 1286 alii,

120 1300 175 1362 alii
200 1321 319 1384 genua,
347 1303 468 1364 vestem
493 1301 547 1364 alii
570 1305 722 1386 tangunt,
749 1301 820 1364 aliis
844 1302 951 1366 ridere
978 1322 1086 1386 regem
1111 1303 1189 1365 satis
1212 1307 1261 1366 est
1283 1306 1316 1366 et
1343 1302 1431 1384 plau·

120 1398 232 1462 dentes
261 1399 430 1483 gratulari3
457 1422 531 1482 pars
561 1421 709 1481 coronas,
736 1422 809 1483 pars
838 1399 947 1482 flores,
975 1403 1055 1482 quot
1077 1404 1146 1463 tum
1170 1403 1256 1463 terra
1278 1397 1431 1463 Indorum

119 1497 305 1579 praebebat,
329 1497 527 1582 inspergunt.
561 1501 652 1562 erant
671 1499 768 1562 etiam
787 1499 974 1580 amicorum,
993 1498 1049 1580 qui
1067 1519 1126 1581 pro
1146 1498 1288 1561 amicitia
1306 1497 1432 1561 temeri-

9 1597 11 1636 ἕ
119 1597 222 1658 tatem
246 1595 314 1658 eius
333 1592 628 1682 vituperabantu‘),
651 1619 717 1660 non
740 1596 830 1661 ducis
854 1595 910 1659 sed
934 1594 1046 1659 militis
1065 1617 1137 1659 eum
1158 1594 1345 1658 defunctum
1363 1615 1433 1657 esse

120 1693 254 1778 negotio
279 1693 393 1757 urbem
417 1693 720 1781 expugnantemm)
763 1694 994 1779 quaeratione
1017 1692 1158 1757 Boeotus
1183 1693 1310 1775 quidam
1336 1713 1432 1756 senex

122 1792 213 1854 cuius
247 1813 314 1855 nou
346 1796 492 1856 servatur
522 1815 641 1857 nomen
674 1815 747 1857 oum
780 1791 999 1857 Alexandrum
1033 1795 1231 1856 commotum
1264 1790 1433 1872 videretur,

120 1911 231 1975 regem
261 1911 431 1975 aggressus
459 1890 613 1955 Boeotica
639 1892 752 1976 lingua
779 1891 938 1955 allocutus
965 1894 1027 1954 est:
1055 1888 1245 1972 Alexander,
1273 1889 1431 1953 bonorum

121 1989 265 2052 virorum
298 1989 463 2071 praeclara
498 1989 591 2053 facta.
642 1989 828 2072 addiditque
859 1987 1013 2072 Aeschyli
1045 2010 1187 2052 versum:
1224 1988 1279 2070 qui
1316 2008 1433 2072 magna

122 2086 292 2150 moliretur
315 2109 388 2150 eum
412 2109 552 2170 aequum
580 2109 649 2152 esse
676 2088 774 2152 etiam
802 2087 878 2170 pati.
925 2109 1021 2169 quem
1045 2108 1154 2150 senem
1177 2090 1210 2150 et
1231 2089 1302 2149 tum
1325 2085 1433 2149 lauda-

121 2187 191 2248 tum
217 2205 287 2248 esse
309 2189 342 2248 et
364 2186 398 2248 in
420 2187 582 2269 posterius
603 2190 732 2269 tempus
757 2186 911 2249 cariorem
934 2184 1035 2249 fuisse
1057 2183 1249 2248 Alexandro.

212 2281 300 2346 Dum
336 2304 392 2347 rex
427 2284 467 2346 ad
500 2283 697 2348 confluentes
730 2282 900 2347 Acesinem
932 2287 965 2346 et
996 2280 1168 2366 Hyarotim
1201 2281 1317 2346 fluvios
1350 2281 1434 2345 circa

122 2378 249 2444 Multas
272 2381 384 2445 urbem
407 2382 542 2466 triginta
560 2382 626 2446 fere
645 2383 712 2446 dies
731 2377 1052 2466 commoraretur’ss),
1069 2380 1169 2462 Malli,
1188 2380 1244 2463 qui
1261 2379 1434 2461 restabant,

123 2499 197 2541 cum
222 2483 416 2563 cognossent
439 2483 551 2544 contra
572 2482 671 2544 talem
699 2481 826 2545 hostem
849 2502 915 2544 uon
942 2501 1038 2563 posse
1065 2479 1185 2542 bellum
1214 2477 1282 2564 geri
1309 2478 1433 2562 legatos

123 2578 282 2641 miserunt
306 2578 362 2660 qui
384 2581 488 2642 totam
511 2583 642 2664 gentem
664 2578 832 2643 Macedoni
854 2577 1024 2642 traderent.
1070 2598 1175 2659 neque
1196 2597 1263 2641 non
1285 2576 1326 2640 ab
1350 2573 1433 2659 Oxy·

123 2675 228 2740 daca
255 2675 384 2739 urbium
412 2676 566 2760 praefecti
594 2681 627 2742 et
653 2676 821 2741 nomarchi
848 2677 911 2760 ipsi
939 2680 972 2740 et
998 2675 1054 2739 alii
1080 2679 1246 2759 praeterea
1269 2673 1322 2740 GL
1344 2674 1434 2738 nobi-

122 2773 239 2836 lissimi
262 2777 428 2857 venerunt,
451 2775 507 2858 qui
530 2797 589 2840 suo
612 2775 731 2840 iudicio
755 2775 794 2839 de
816 2795 895 2858 pace
918 2769 1113 2860 agerent.³¹⁹)
1150 2774 1328 2838 attulerunt
1351 2772 1435 2836 dona

124 2871 266 2935 maxima
288 2872 375 2955 apud
401 2870 499 2937 ludos
527 2869 695 2959 habitam)
720 2877 913 2960 gentemque
940 2873 1044 2956 ipsam
1068 2872 1264 2936 dediderunt.
1310 2871 1435 2957 ignosci

124 2970 186 3032 sibi
209 2991 314 3052 posse,
338 2971 425 3053 quod
447 2993 514 3035 non
537 2975 632 3037 antea
654 2972 718 3036 iam
742 2972 866 3058 legatos
890 2971 1065 3054 misissent3
1092 2970 1250 3034 libertatis
1274 2970 1435 3034 studiosos

124 3089 158 3132 se
191 3089 260 3132 esse
292 3089 397 3152 neque
430 3070 603 3154 quicquam
632 3070 736 3155 magis
764 3092 798 3134 se
825 3090 988 3153 spernere,
1021 3091 1116 3152 quam
1145 3071 1275 3154 gentem
1303 3068 1434 3132 domino

125 3166 239 3230 maiori
262 3165 431 3230 subditam.
477 3189 515 3232 ac
537 3169 720 3233 libertatem
747 3167 853 3232 adhuc
880 3189 914 3232 se
941 3167 1020 3251 ipsis
1048 3188 1190 3231 servasse
1213 3166 1275 3230 sibi
1299 3165 1372 3230 iude
1394 3165 1435 3228 ab

125 3264 357 3347 antiquissimis
380 3266 580 3349 temporibus
603 3265 707 3350 Surya
730 3262 856 3352 deim),
883 3286 956 3330 cnm
981 3269 1087 3330 autem
1111 3264 1198 3329 fama
1221 3268 1314 3346 esset,
1337 3264 1434 3328 etiarn

215 3479 279 3544 346)
297 3475 443 3530 Craterum
462 3478 492 3530 et
509 3475 701 3532 Ptolemaeum
719 3477 848 3532 nominat
865 3475 978 3530 Curtius
996 3475 1042 3542 lli,
1058 3482 1082 3542 t,
1097 3482 1127 3541 63
1143 3481 1184 3529 15.

215 3549 278 3614 34⁸1)
296 3546 441 3601 Nearchus
464 3547 535 3602 haec
557 3550 661 3603 narrat.
705 3548 825 3603 Arriano
848 3548 885 3603 de
907 3547 952 3601 his
974 3548 1067 3603 verbis
1090 3547 1249 3602 Alexander
1271 3546 1436 3617 indignatus

7 3665 8 3672 ,
125 3635 188 3673 esse
210 3618 286 3672 visus
309 3620 353 3672 est
371 3617 417 3672 (of.
432 3618 479 3683 VI,
495 3625 537 3686 13,
552 3623 592 3686 4),
618 3621 694 3689 quod
713 3619 823 3689 aliquid
841 3619 900 3674 reri
917 3619 1031 3674 illorum
1048 3619 1079 3673 in
1097 3618 1225 3674 oratione
1242 3619 1335 3672 inesse
1353 3617 1436 3672 intel·

126 3690 204 3744 lexit.
233 3690 349 3760 longam
366 3691 523 3746 orationem
541 3691 578 3745 ab
596 3708 630 3746 eo
648 3692 778 3746 habitam
791 3690 878 3747 retest
891 3689 1004 3745 Curtius
1018 3690 1064 3756 IX,
1079 3696 1104 3755 6,
1121 3695 1153 3744 17
1167 3691 1284 3758 tamque
1297 3689 1435 3743 invalido!

217 3765 279 3828 348)
298 3760 411 3815 Curtius
428 3761 476 3826 IX,
491 3769 516 3828 6,
531 3769 565 3817 26
587 3780 683 3835 regern
708 3762 880 3887 ‘complures
900 3762 976 3816 dies’
996 3762 1037 3816 ibi
1056 3762 1161 3816 statim
1178 3761 1312 3815 habuisse
1330 3763 1434 3814 narrat.

124 3851 213 3886 unum
240 3831 300 3887 tere
326 3849 451 3888 mensem
478 3834 503 3887 si
531 3835 668 3890 mansisse
691 3834 733 3889 ibi
757 3834 946 3890 sensnum
970 3834 1115 3889 credemus
1138 3831 1436 3898 coll.Arr.Vl.14,4,

125 3921 182 3958 non
206 3904 375 3970 embimnu
404 3904 515 3974 reliqua
532 3909 692 3976 temporum
710 3907 805 3976 spatia
824 3905 848 3959 si
867 3905 1040 3960 adsumimus
1059 3935 1093 3946 —
1111 3921 1201 3972 usque
1219 3905 1256 3958 ad
1275 3903 1438 3974 Hydaspem

7 4011 9 4020 ι
126 3978 157 4029 et
174 3975 323 4030 Acesinem
345 3975 516 4031 wniluentes
538 3978 728 4044 ducencies,
751 3976 962 4047 expeditionum
981 3977 1012 4032 in
1030 3975 1125 4040 Sibas,
1149 3975 1313 4046 Agalasses,
1336 3975 1437 4031 Mallos

7 4051 9 4120 t
126 4047 243 4100 minime
266 4048 507 4116 quattuordecim,
532 4049 725 4117 septendecim
748 4064 835 4119 prope
854 4047 1002 4118 Schahpur
1024 4047 1100 4102 eirea
1121 4047 1187 4102 Idus
1206 4047 1351 4102 tenuamus
1370 4047 1437 4101 anni

127 4124 180 4172 ³25
194 4135 219 4171 a.
235 4117 284 4172 Ch.
303 4135 322 4172 a
339 4118 450 4172 Hultdn
468 4120 499 4173 in
516 4121 664 4175 meridiem
682 4119 825 4190 proiectus
843 4120 889 4174 sit.

217 4193 279 4259 ³49)
302 4191 339 4244 de
360 4190 465 4261 legatis
483 4191 623 4246 Diodorus
640 4195 727 4248 tacet.
758 4191 871 4246 Curtius
888 4190 975 4258 IX,'1,
992 4196 1024 4244 12
1043 4191 1162 4246 duarum
1180 4191 1307 4262 gentium
1323 4188 1437 4257 (Oxydr.

128 4264 157 4314 ct
174 4260 263 4328 Mali)
286 4263 400 4316 centum
423 4261 533 4332 legatos
555 4264 665 4318 venisse
686 4264 783 4318 tradit.
821 4279 917 4318 omnes
940 4262 1068 4318 curribus
1091 4277 1152 4317 esse
1170 4264 1277 4326 recten
1305 4260 1438 4316 eximiam

128 4349 276 4402 corporum
294 4333 528 4404 magnitudinem,
547 4335 681 4390 decorum
698 4335 786 4389 fnisse
804 4335 943 4389 habitum.

217 4409 280 4472 ³5⁰)
298 4405 335 4458 de
362 4405 443 4458 donis
470 4406 564 4474 priore
587 4406 650 4460 loco
671 4406 714 4460 nil
736 4405 820 4461 affert
837 4405 963 4470 Curtiuss
991 4423 1053 4460 cum
1077 4405 1181 4460 iterum
1203 4404 1328 4460 redirent
1349 4403 1439 4474 legati

7 4529 9 4540 ,
129 4477 349 4544 apportaverunt
366 4475 417 4529 illo
434 4477 509 4530 teste
526 4477 620 4531 lineae
637 4478 724 4532 restis
742 4477 934 4546 aliquantum,
959 4477 1039 4533 mille
1056 4479 1137 4531 sonte
1154 4476 1264 4538 Indica,
1287 4475 1354 4530 terri
1372 4491 1439 4530 can·

129 4547 190 4599 didi
207 4547 318 4601 talenta
330 4551 453 4612 eentum,
471 4547 566 4602 leones
580 4565 661 4602 rarae
674 4549 880 4620 magnitudinis
894 4551 924 4604 et
936 4549 1025 4620 tigres
1038 4549 1076 4603 ad
1089 4547 1335 4603 mansuetidinem
1347 4549 1439 4600 utros-

129 4635 184 4685 que
209 4619 345 4686 domitos,
372 4619 541 4673 lacertarum
560 4637 672 4688 quoque
690 4621 849 4691 ingentium
867 4619 969 4689 pelles,
995 4620 1170 4676 testudinum
1190 4620 1273 4674 dorsa
1291 4617 1348 4682 dx,
1361 4624 1387 4686 8,
1402 4625 1437 4687 ἲ),

7 4743 8 4750 ,
129 4690 203 4744 male
221 4691 341 4744 tortasse
359 4691 390 4744 in
407 4689 463 4744 hae
480 4707 510 4744 re
528 4689 625 4744 Curtio
643 4690 728 4745 tidem
746 4691 957 4762 denegaremus,

218 4767 282 4830 ³51)
300 4762 365 4815 side
383 4778 457 4829 quae
474 4761 511 4818 de
529 4760 770 4832 Dionysio-dms
787 4763 840 4817 deo
859 4779 945 4832 supra
962 4762 1062 4832 scripsi
1081 4763 1111 4817 in
1130 4761 1195 4816 adn.
1208 4766 1268 4816 als.
