3506 5306
711 317 932 382 ,89-

162 494 325 582 millam),
343 497 406 560 iam
425 497 576 583 navigare
596 497 715 561 statuit.
749 498 936 580 priusquam
956 501 1062 561 autem
1082 497 1223 561 instituit
1240 499 1479 585 navigationem

162 592 293 658 Coenus
318 616 356 658 ex
380 595 543 660 fidissimis
563 593 746 660 Alexandro
766 595 877 660 amicis
900 595 1022 659 interiit
1041 617 1080 659 ex
1099 593 1276 682 morbo.²⁷⁹)
1310 599 1480 683 magnifice

160 714 240 756 eum
262 714 319 756 rex
343 690 553 779 sepelivit.²⁸⁰)
588 697 743 758 venerunt
762 698 832 757 tum
852 715 980 776 quoque
1000 690 1129 776 Sopolis
1148 691 1315 776 Epocillus
1334 694 1479 761 Menidas

160 790 261 854 duces
269 788 336 876 ²⁸1),
365 790 489 855 duobus
523 791 614 854 annis
647 788 779 878 antem)
809 790 945 874 dimissi,
979 791 1034 874 qui
1066 812 1105 854 ex
1132 789 1319 855 Macedonia
1348 790 1479 858 Graecia

161 889 343 972 ceterisque
366 889 457 974 regni
480 889 654 972 provinciis
678 889 929 954 occidentalibus
954 890 1177 973 supplementa
1200 894 1358 974 peterent,
1382 913 1479 975 supra

159 987 299 1072 triginta
331 987 420 1050 milia
456 987 601 1071 peditum
639 992 671 1052 et
708 1010 763 1052 sex
800 988 866 1052 fere
904 987 992 1051 milia
1029 983 1233 1072 equitum²⁸³)
1267 988 1475 1055 adduxerunt.

255 1173 318 1240 278)
336 1171 471 1224 Arrianus
492 1187 560 1225 sane
578 1171 624 1238 VI,
640 1176 665 1236 2,
681 1177 695 1224 7
716 1172 836 1224 tradidit
854 1164 889 1239 ἦν
908 1171 939 1224 δὲ
958 1171 990 1225 τὸ
1009 1170 1120 1240 ξύμπαν
1139 1174 1250 1240 πλῆθος
1267 1180 1323 1227 τῶν
1342 1182 1421 1240 νεῶν,
1441 1175 1478 1238 ὡς

158 1240 237 1311 λέγει
251 1244 425 1311 Πτολεμαῖος
444 1241 574 1311 ὃΛάγοο,
594 1233 615 1313 ᾧ
634 1241 751 1311 μάλιστα
771 1243 822 1311 ἐγὼ
843 1241 945 1311 ἕπομαι
963 1240 1159 1310 τριακόντοροι
1177 1242 1228 1311 μὲν
1248 1242 1276 1306 ἐς
1290 1243 1476 1313 ὀγδοήκοντα·

159 1313 199 1367 τὰ
222 1313 253 1367 dt
272 1313 366 1367 πάντα
385 1316 470 1367 πλοῖα
490 1314 541 1368 σὺν
559 1322 619 1376 τοῖς
638 1313 812 1383 ἱππαγωγοῖς
830 1315 880 1368 καὶ
898 1313 1070 1381 Κερκοόροις
1088 1314 1136 1368 καὶ
1156 1310 1208 1367 ὅσα
1228 1313 1297 1367 ἄλλα
1315 1314 1439 1385 ποτάμια
1459 1314 1476 1386 ἢ

158 1393 219 1439 τῶν
240 1383 329 1438 πάλαι
347 1385 488 1440 πλεόντων
507 1383 579 1439 κατὰ
597 1385 663 1446 τοὺς
681 1385 825 1453 ποταμοὺς
843 1383 860 1453 ἢ
880 1384 911 1438 ἐν
928 1389 966 1456 τῷ
984 1383 1046 1439 τότε
1064 1383 1244 1454 ποιηθέντων
1263 1387 1297 1440 οὐ
1316 1387 1387 1440 πολὺ
1406 1388 1476 1442 ἀπο-

160 1455 267 1511 δέοντα
290 1464 345 1510 τῶν
369 1452 555 1527 δισχιλίων.
594 1456 643 1510 sed
666 1456 742 1510 idem
760 1456 858 1510 Indica
878 1461 919 1524 19,
936 1462 951 1509 7
970 1454 1141 1524 (Nearchum
1165 1457 1294 1526 sequens)
1318 1455 1378 1520 νέες
1396 1457 1428 1513 δὲ
1447 1459 1477 1512 αἱ

159 1527 307 1596 σύμπασαι
335 1528 410 1597 αὐτῷ
438 1525 601 1582 ὀκτακόσιαι
628 1521 708 1596 ἦσαν.
745 1528 796 1581 ubi
828 1528 1007 1582 coniecerunt
1035 1524 1121 1597 χιλίαι
1145 1528 1193 1581 καὶ
1217 1527 1381 1583 όκτακόσιαι
1404 1524 1477 1599 ἦσαν

158 1615 225 1654 esse
253 1599 438 1654 scribendum.
476 1598 588 1653 Curtius
615 1599 728 1652 rettulit
745 1599 791 1668 IX,
807 1605 831 1665 3,
847 1605 894 1653 22:
922 1598 1001 1654 mille
1028 1598 1149 1669 navigiis
1173 1600 1301 1653 aditurus
1325 1599 1475 1655 Oceanum.

158 1671 283 1725 eundem
296 1670 437 1724 Diodorus
455 1671 573 1739 praebet
591 1687 737 1724 numerum
752 1670 836 1737 XVII,
852 1676 894 1738 95,
909 1676 925 1724 5
944 1677 993 1739 τῆς
1011 1671 1042 1724 δὲ
1062 1677 1196 1738 ναυτικῆς
1213 1679 1395 1740 παρασκευῆς
1409 1690 1474 1727 σνν-

156 1739 337 1811 τελεσθείσης
355 1742 404 1796 καὶ
422 1738 576 1798 διακοσίων
595 1741 626 1795 δὲ
641 1741 795 1810 ἀφράκτων
810 1740 1030 1810 ἡτοιμασμένων,
1049 1738 1222 1796 ὀκτακοσίων
1242 1741 1273 1796 δὲ
1291 1742 1474 1812 ὑπηρετικῶν.

157 1816 261 1868 auctor
280 1829 408 1882 anonym.
437 1813 585 1867 Mettensis
599 1813 633 1879 Π,
645 1819 690 1866 70:
710 1813 751 1867 ibi
765 1813 851 1868 naves'
865 1829 935 1882 quas
951 1830 984 1867 ac
996 1812 1108 1868 Taxiles
1123 1813 1342 1868 aedificaverimt
1356 1813 1476 1869 offendit

156 1885 282 1940 biremes
301 1883 399 1950 Doce,
418 1885 549 1954 penarias
564 1877 636 1938 000.
670 1885 805 1938 habemus
825 1885 913 1954 igitur
931 1886 1045 1954 praeter
1058 1884 1251 1939 Ptolemaeum
1270 1887 1327 1938 tres
1346 1888 1475 1940 auctores

157 1957 212 2026 qui
236 1957 426 2026 octingentas,
449 1956 528 2010 mille
546 1955 591 2010 vel
611 1955 689 2010 mille
709 1959 821 2010 centum
840 1957 957 2010 tradunt
975 1972 1067 2010 naves.
1106 1958 1192 2026 atque
1211 1956 1324 2010 etiamsi
1342 1959 1474 2025 putamus

156 2028 265 2083 multas
288 2027 447 2081 Alexandro
476 2044 508 2081 ex
536 2027 670 2096 proximis
698 2026 790 2081 fluviis
817 2044 902 2081 naves
931 2043 991 2082 esse
1020 2027 1157 2082 adductas
1181 2027 1217 2081 ab
1236 2027 1334 2082 Taxile
1357 2030 1386 2082 et
1404 2029 1475 2084 Poro

157 2100 296 2169 aliisque,
324 2101 420 2153 tamen
448 2099 566 2153 duorum
593 2101 705 2154 tantum
733 2099 871 2153 mensium
899 2099 992 2167 spatio
1017 2116 1074 2152 non
1097 2099 1282 2153 concedemus
1305 2115 1396 2168 paene
1420 2101 1474 2155 duo

156 2171 242 2226 milia
259 2171 374 2225 navium
392 2186 507 2240 parasse
525 2170 700 2224 Macedones.
734 2171 792 2224 iam
810 2171 945 2224 Arrianus
964 2171 1023 2224 Ind.
1040 2175 1082 2237 19,
1099 2176 1113 2222 7
1132 2186 1217 2224 naves
1236 2173 1367 2225 numerat
1385 2172 1475 2226 octin-

182 2246 261 2297 entas
279 2245 356 2296 recte
376 2241 400 2295 si
418 2241 587 2311 ὑπηρετικὰς
605 2243 716 2296 tanturn
736 2239 903 2303 ὀκτακοσίας
916 2242 1034 2296 Diodori
1051 2241 1097 2295 vel
1110 2242 1231 2296 biremes
1246 2241 1337 2296 Doce
1352 2244 1475 2298 auctoris

191 2315 308 2369 ettensis
326 2313 499 2383 respicimus.
533 2330 620 2382 quare
639 2314 664 2366 si
683 2313 848 2368 conicienda
868 2313 991 2367 diversos
1010 2330 1139 2367 numeros
1157 2313 1285 2367 volumus
1305 2329 1426 2381 aequare
1445 2315 1475 2368 in

156 2386 280 2440 Arriano
298 2385 345 2452 VI,
360 2390 420 2452 2,7
444 2385 618 2454 Kruegarum
646 2386 794 2453 sequentes
823 2385 978 2438 scribamus
1001 2385 1097 2454 potius
1119 2394 1175 2440 τῶν
1196 2381 1307 2508 ficitur,
1335 2402 1420 2453 quam
1442 2389 1475 2440 ut

158 2458 299 2512 addamus
317 2457 377 2510 Ind.
395 2461 436 2523 19,
453 2461 467 2509 7
491 2452 578 2526 xillus
599 2457 648 2510 καὶ
667 2457 713 2525 (cf.
728 2456 815 2511 etiam
833 2457 1011 2510 Hiillemann.
1051 2456 1128 2525 apud
1146 2456 1195 2508 Mii
1219 2455 1340 2526 ,fragm
1356 2456 1473 2511 Ptolem.

159 2535 194 2584 19
206 2545 223 2584 a
241 2529 368 2598 Droysen
381 2527 407 2581 ll
421 2545 448 2652 pl
465 2533 515 2582 171
531 2527 595 2582 adn.
612 2530 645 2597 1).
684 2528 739 2581 toti
758 2528 842 2582 classi
860 2528 1054 2598 (gubernatori
1071 2527 1150 2598 regio
1170 2527 1326 2582 Onesicrito
1346 2532 1473 2598 excepto)

157 2600 299 2671 praefecit
311 2600 428 2654 trierarc
450 2616 480 2653 os
495 2604 529 2652 83
544 2600 614 2668 (Arr.
625 2599 684 2652 Ind.
693 2601 749 2668 18),
765 2617 883 2669 quorum
898 2599 923 2652 si
936 2599 1089 2668 unicuique
1103 2599 1223 2669 triginta
1238 2598 1366 2654 subdidit
1380 2616 1473 2668 naves,

157 2675 241 2728 erant
264 2677 324 2726 990.
362 2671 467 2725 Lassen
486 2671 610 2724 diversos
628 2671 742 2724 Arriani
761 2671 933 2740 Diodorique
951 2671 1065 2724 nuntios
1085 2671 1215 2725 conexuit
1233 2670 1307 2725 male
1326 2670 1352 2724 11
1370 2690 1396 2740 p.
1414 2677 1472 2726 176.

159 2760 334 2814 quamquam
353 2759 483 2797 assensus
503 2744 547 2796 est
564 2742 720 2812 Hertzberg
738 2742 764 2796 II
781 2761 808 2812 p.
825 2747 876 2796 296
892 2743 955 2796 adn.

249 2817 312 2884 279)
331 2817 457 2869 mortuus
482 2817 544 2868 tum
567 2814 654 2868 etiam
672 2813 826 2868 Alexandri
849 2813 983 2883 puerulus
1003 2830 1036 2868 ex
1055 2813 1171 2868 Roxana
1190 2814 1215 2867 si
1233 2813 1318 2868 fidem
1337 2813 1473 2869 habemus

159 2887 272 2942 auctori
291 2903 430 2955 anonymo
449 2885 583 2940 Mettensi
600 2885 635 2952 Π,
651 2891 692 2939 70.

249 2961 312 3027 280)
330 2957 466 3012 Arrianus
484 2957 601 3024 V1,a,1
627 2957 731 3012 ἐκτῶν
749 2955 899 3024 παρόντων
917 2959 1140 3027 μεγαλοπρεπῶς.
1178 2973 1234 3010 οοο
1254 2973 1339 3010 ausus
1359 2975 1421 3011 snm
1440 2975 1474 3012 ea

157 3031 200 3085 ita
218 3029 400 3098 interpretari
418 3031 451 3083 ut
469 3028 597 3098 plerique
615 3029 751 3094 fecerimt,
771 3029 820 3098 qni
834 3029 985 3082 Arrianum
1002 3028 1047 3081 his
1065 3028 1158 3082 verbis
1175 3028 1339 3082 existimant
1352 3029 1474 3084 voluisse

157 3102 285 3156 indicare
304 3100 427 3156 Coenum
454 3102 519 3169 post
546 3100 701 3154 orationem
729 3099 809 3154 illam
837 3100 873 3154 ad
901 3099 1059 3169 Hyphasim
1086 3099 1216 3154 habitam
1243 3117 1299 3153 non
1327 3099 1384 3154 iam
1411 3103 1473 3155 tota

157 3173 312 3228 Alexandri
335 3189 391 3242 qua
415 3173 500 3226 antea
521 3189 604 3225 usum
627 3187 688 3225 esse
711 3171 914 3226 familiaritate.
953 3170 1064 3225 Curtius
1086 3187 1154 3224 sane
1171 3169 1218 3238 IX,
1234 3176 1259 3238 3,
1274 3176 1308 3224 20
1327 3171 1397 3225 haec
1415 3173 1472 3226 tra-

157 3245 244 3300 didit:
275 3244 370 3298 ‘cuius
398 3245 487 3297 morte
510 3243 650 3312 ingemuit
672 3243 786 3312 quidem
809 3259 870 3309 rex,
899 3242 1004 3298 adiecit
1026 3245 1122 3296 tamen
1145 3243 1260 3311 propter
1282 3259 1387 3310 paucos
1412 3243 1471 3297 dies

157 3317 273 3387 longam
301 3316 456 3370 orationem
484 3330 548 3368 eum
576 3330 715 3380 exorsum,
744 3317 890 3383 tamquam
918 3314 993 3368 solus
1017 3313 1213 3368 Macedoniam
1235 3313 1345 3368 visurus
1371 3316 1470 3369 esset'.

157 3405 231 3457 quae
250 3389 274 3441 si
292 3403 389 3442 revera
407 3385 567 3441 Alexander
585 3386 711 3454 dixisset,
730 3387 881 3456 proderent
899 3386 1041 3440 hominem
1059 3385 1176 3440 minime
1194 3401 1368 3456 generosum.
1406 3401 1472 3440 nam

157 3460 298 3528 quomodo
318 3460 353 3512 de
368 3458 460 3512 Coeno
479 3457 538 3512 solo
558 3457 647 3510 iratus
667 3473 727 3512 asse
746 3458 849 3528 potuit,
868 3475 931 3512 cum
950 3457 999 3511 illa
1017 3475 1073 3512 non
1092 3473 1142 3527 pro
1162 3473 1191 3511 se
1210 3489 1245 3498 -
1263 3473 1330 3510 nam
1348 3457 1410 3526 ipsa
1428 3473 1471 3510 se-

157 3534 273 3586 cuturus
301 3530 402 3585 fuisset
427 3546 524 3600 regem
544 3529 646 3582 -sed
674 3547 724 3598 pro
751 3529 881 3584 universo
910 3529 1034 3584 exercitu
1057 3529 1231 3598 loqueretur:
1259 3545 1315 3582 non
1338 3527 1387 3582 ille
1410 3528 1472 3598 ipsa

157 3603 260 3673 petivit
277 3605 311 3655 ut
324 3601 484 3656 Alexander
501 3601 615 3668 rediret,
634 3600 719 3655 immo
734 3602 810 3655 totus
825 3601 963 3656 exercitus
978 3600 1120 3670 flagitavit
1133 3599 1351 3669 postulavitque.
1380 3616 1472 3670 neque

157 3675 219 3729 sine
243 3690 329 3728 causa
350 3672 500 3738 rebellare,
527 3672 637 3725 silicet
656 3672 769 3726 omnino
788 3672 939 3726 hocverbo
958 3672 1015 3739 uti,
1039 3674 1124 3741 atqua
1144 3671 1207 3725 dico
1226 3670 1321 3740 potius
1340 3671 1471 3726 resistere

156 3746 232 3818 regis
246 3745 387 3800 voluntati
401 3744 558 3814 apparebat
570 3743 688 3798 milites:
708 3760 774 3798 nam
789 3745 886 3798 statim
901 3761 965 3797 cum
978 3743 1101 3797 reditum
1115 3742 1274 3796 nuntiasset
1287 3742 1468 3797 lacrimantes

158 3819 194 3872 ad
226 3816 441 3871 tabernaculum
473 3815 583 3884 regium
610 3831 711 3869 venera
777 3816 850 3869 atias
877 3815 939 3884 regi
967 3814 1065 3869 acturi.
1111 3817 1197 3882 atque
1223 3830 1316 3868 rerum
1346 3815 1471 3868 omnium

157 3889 258 3943 habita
279 3888 390 3942 ratione
408 3886 567 3942 Alexander
590 3886 651 3956 ipse
670 3887 729 3941 inte
753 3903 835 3956 egere
855 3886 966 3951 debuit,
989 3885 1043 3940 tali
1062 3885 1186 3940 exercitu
1205 3885 1353 3954 opulentos
1372 3887 1471 3955 poten-

157 3961 338 4028 tissimosque
365 3961 443 4013 mans
467 3957 594 4028 Gangem
622 3957 784 4013 habitantes
812 3958 931 4028 populos
955 3974 984 4011 se
1007 3975 1063 4012 non
1087 3973 1170 4026 posse
1193 3957 1363 4027 depugnare.
1409 3959 1470 4010 tum

158 4034 234 4086 certe
261 4049 318 4086 non
337 4030 428 4085 Coeno
457 4029 556 4084 debuit
579 4030 676 4096 irasci,
704 4046 796 4098 neque
819 4029 888 4084 fecit
905 4029 1072 4084 Alexander.
1109 4030 1175 4082 utut
1198 4029 1301 4082 ἐκτῶν
1320 4027 1470 4095 παρόντων

157 4103 401 4172 interpretandum
428 4104 472 4156 est
491 4133 524 4140 —
544 4101 675 4169 equidem
702 4104 771 4171 puto
793 4101 941 4156 referenda
964 4117 1025 4155 esse
1048 4115 1081 4154 ea
1104 4099 1189 4154 verba
1213 4099 1249 4154 ad
1272 4102 1383 4168 tempus
1406 4117 1470 4168 pro-

157 4175 288 4229 fectionis
312 4191 413 4242 resque
431 4175 492 4227 tum
510 4173 639 4226 turbatas
657 4205 693 4214 -
711 4190 767 4227 non
786 4174 852 4227 inde
871 4173 956 4227 debet
974 4172 1117 4239 concludi,
1141 4171 1264 4226 Coenum
1282 4171 1390 4224 minore
1409 4173 1470 4224 tum

157 4246 311 4301 Alexandri
325 4245 453 4300 amicitia
466 4261 527 4299 esse
540 4262 630 4298 usum.
659 4244 778 4299 fortasse
793 4245 880 4300 etiam
889 4245 1025 4298 Arrianus
1034 4244 1080 4298 vel
1094 4246 1192 4298 auctor
1205 4243 1293 4297 talem
1307 4241 1469 4311 opinionem

157 4319 248 4373 voluit
264 4318 369 4372 reicere
388 4316 525 4372 scribens:
546 4317 576 4371 ἐν
594 4325 653 4377 τοῖς
671 4315 849 4378 πιστοτάτοις
862 4312 1029 4388 Ἀλεξάνδρῳ
1048 4312 1087 4369 ὢν
1105 4324 1161 4369 τῶν
1181 4311 1307 4381 ἑταίρων.

247 4393 309 4458 281)
328 4405 467 4458 nusquam
486 4403 554 4441 sane
572 4387 740 4441 nominatim
759 4387 898 4442 dicuntur.
937 4387 986 4442 sed
1004 4387 1136 4441 videntur
1149 4385 1267 4440 Diodori
1282 4383 1377 4455 (XVII,
1388 4389 1430 4450 96,
1442 4387 1469 4454 4)

158 4461 306 4530 στρατηγοὶ
325 4477 386 4514 osse
404 4460 492 4513 iidem
511 4461 596 4527 atque
614 4461 672 4513 tres
691 4459 742 4513 illi.

248 4530 599 4601 mmmmma

247 4607 309 4673 283)
328 4603 418 4658 tradit
439 4602 490 4656 bos
513 4617 643 4657 numeros
666 4601 742 4655 solus
760 4600 900 4656 Diodorus
923 4600 941 4654 l.
957 4601 975 4653 l.
991 4599 1103 4654 Curtius
1121 4600 1171 4665 IX,
1188 4605 1217 4668 3,
1233 4605 1265 4652 21
1290 4597 1469 4653 Memnonem

159 4692 192 4728 ex
210 4674 331 4728 Thracia
354 4675 383 4728 in
407 4673 635 4743 supplementum
659 4673 786 4741 equitum
809 4672 934 4740 quinque
956 4672 1009 4740 (ita
1032 4672 1132 4741 optimi
1152 4671 1243 4739 codd.)
1262 4669 1355 4736 milia,
1384 4673 1469 4738 atque

159 4747 194 4800 ab
213 4745 337 4815 Harpalo
360 4745 545 4816 pecuniarum
563 4743 716 4798 Ecbatanis
740 4743 884 4814 praefecto
907 4744 1036 4812 peditum
1060 4747 1168 4814 septem
1186 4742 1267 4796 milia
1285 4774 1320 4782 —
1338 4741 1469 4796 videntur
