3496 5308
717 327 917 391 ..9-

169 493 225 554 aut
253 489 374 554 relictis
402 493 459 554 aut
486 485 711 576 combustis19)
740 510 779 554 ex
805 489 976 555 Bactriana
1003 489 1038 554 in
1064 488 1373 574 Paropanisadarum
1400 512 1473 574 pro-

168 589 271 652 fectus
303 592 353 653 est
384 586 562 675 regionem,
598 609 671 652 cum
703 588 846 653 exercitu
877 589 943 652 fere
976 586 1142 674 octoginta
1175 587 1316 672 quinque
1348 587 1474 652 milium

169 683 369 774 militum²⁰);
393 708 457 771 quo
480 686 515 750 in
536 706 670 750 numero
695 684 792 750 etiam
814 685 945 751 barbari
969 689 1059 751 erant
1081 685 1218 772 triginta
1245 685 1358 770 millia,
1386 686 1474 750 varia

168 880 205 942 ὡς
223 875 270 934 ἐπλ
287 879 337 936 τὸν
359 885 500 949 Κωφῆνα,
523 877 693 949 προπέμψας
715 879 824 950 κήρυκα
847 874 902 935 ari.
926 881 953 934 h.
974 896 996 934 e.
1016 879 1181 949 priusquam
1203 895 1238 933 ex
1256 879 1474 948 Paropanisadis

169 951 206 1004 ad
224 950 383 1021 Cophenem
401 951 589 1021 procederet3)
607 949 711 1019 quique
730 950 757 1004 ei
775 969 878 1022 magno
897 951 999 1006 itinere
1013 951 1090 1006 facto
1104 951 1278 1006 obvenerunt
1291 968 1355 1004 cum
1367 950 1474 1004 Nicaea

170 1023 206 1075 ad
224 1021 384 1092 Cophenem
396 1021 568 1092 procederet.
605 1021 725 1076 fortasse
739 1021 825 1076 etiam
840 1023 1064 1093 supplementum
1077 1021 1274 1077 Macedonium
1292 1023 1472 1091 expectabat:

168 1093 291 1148 Diodore
316 1096 389 1148 teste
408 1094 493 1160 XVII,
513 1098 546 1146 96
569 1091 600 1146 in
624 1092 706 1148 India
730 1096 830 1162 postea
855 1093 965 1164 accepit
991 1093 1111 1164 triginta
1129 1109 1178 1147 sex
1204 1093 1295 1147 millia
1321 1093 1472 1149 hominum.

170 1165 246 1232 quod
271 1167 367 1219 autem
391 1167 451 1218 tam
477 1163 527 1217 diu
544 1163 704 1220 Alexander
729 1166 927 1235 cunctabatur,
952 1165 1034 1220 nobis
1059 1182 1116 1219 non
1140 1167 1246 1219 temere
1271 1164 1320 1218 sed
1345 1164 1474 1219 omnibus

169 1237 252 1290 rebus
277 1235 422 1306 perpensis
448 1238 578 1290 accurate
605 1234 685 1289 illam
712 1236 920 1306 expeditionem
946 1236 1072 1292 Indicam
1100 1239 1260 1305 susceptam
1286 1252 1347 1290 csse
1364 1237 1473 1306 prodat.

261 1310 304 1378 19)
324 1307 358 1362 cf.
384 1307 458 1361 Plut.
484 1306 562 1362 Alex.
583 1312 625 1362 57.
653 1306 785 1376 Polyaen.
812 1309 926 1378 Strateg
947 1307 995 1375 IV,
1014 1313 1087 1377 3,10,
1114 1307 1216 1375 quibus
1239 1324 1288 1362 cur
1313 1306 1474 1362 diffidamus

168 1395 267 1434 caussa
285 1381 407 1434 nonest.

258 1451 302 1518 20)
320 1449 570 1519 Kochly-Rr'istow:
582 1449 663 1531 (beleb.
675 1450 720 1508 bct
731 1450 816 1521 qrtcrb.
828 1449 1018 1522 Ettharccicna
1027 1469 1053 1520 p.
1061 1456 1157 1519 atati
1166 1449 1275 1504 indicat
1283 1450 1475 1506 Alexandrum

168 1521 274 1576 milites
292 1523 405 1576 centum
423 1523 452 1576 et
470 1520 594 1590 quinque
612 1521 703 1575 millia
718 1521 838 1576 duxisse.
866 1521 1001 1576 maiorem
1014 1538 1161 1577 numerum
1175 1521 1264 1577 tradit
1279 1521 1390 1576 Curtius
1400 1522 1474 1590 VIII,

169 1599 213 1662 5,4
231 1592 303 1646 CXX
327 1591 441 1646 millia
466 1594 674 1648 armatorum
699 1595 809 1662 erant,
835 1611 922 1662 quae
947 1610 1060 1664 regem
1085 1594 1126 1648 ad
1149 1592 1185 1646 id
1202 1592 1333 1648 bellum
1352 1609 1474 1662 seque-

168 1665 304 1718 bantur.
333 1663 452 1718 eundem
467 1681 563 1719 eorum
576 1662 663 1719 fuisse
678 1667 877 1720 commemorat
889 1665 1000 1721 Arrian.
1014 1665 1073 1720 Ind.
1091 1670 1160 1732 lae,
1174 1663 1223 1733 qui
1237 1681 1301 1718 cum
1314 1663 1474 1718 Alexandro

170 1735 303 1804 Hydaspe
322 1735 443 1790 secundo
462 1734 603 1806 progressi
623 1734 691 1800 sint3
710 1739 823 1804 praeter
846 1737 918 1791 CXX
941 1735 1033 1790 millia
1054 1736 1183 1806 peditum
1201 1735 1362 1804 quindecim
1384 1735 1475 1790 millia

170 1805 297 1874 equitum
319 1809 417 1860 narrat
439 1806 607 1860 Plutarchus
630 1825 656 1862 a.
675 1806 719 1860 Al.
744 1825 766 1862 c.
786 1814 820 1863 66
844 1807 968 1862 adfuisse
991 1807 1151 1862 Alexandro
1175 1823 1209 1862 ex
1231 1807 1313 1861 India
1335 1806 1473 1861 redeunti.

169 1881 245 1932 errat
268 1879 358 1946 certe,
383 1895 447 1932 cum
471 1881 531 1932 tam
554 1877 659 1932 multos
685 1895 748 1932 cum
771 1879 931 1934 Alexandro
954 1879 984 1932 in
1008 1877 1161 1933 Gedrosiae
1183 1878 1312 1948 regiones
1334 1877 1474 1948 ingressos

168 1965 229 2004 csse
253 1949 349 2004 tradit.
392 1966 479 2018 quare
502 1948 671 2003 recentiores
695 1949 786 2004 critici
809 1950 937 2006 nonnulli
960 1951 1005 2020 (cl'.
1030 1949 1268 2019 Koehiyaastow
1290 1949 1308 2003 l.
1327 1949 1346 2004 l.
1371 1968 1398 2018 p.
1423 1955 1474 2002 258

169 2021 232 2076 adn.
252 2022 297 2090 88)
315 2037 372 2074 non
390 2020 496 2074 milites
515 2021 565 2074 sed
583 2019 711 2075 homines
725 2021 838 2076 omnino
854 2039 872 2076 a
884 2021 1035 2076 Plutarcho
1050 2022 1067 2076 l.
1084 2039 1106 2074 c.
1122 2020 1297 2076 arbitrantur
1314 2024 1475 2075 numeratos

168 2108 237 2146 esse.
275 2092 391 2146 obstant
408 2095 503 2146 tamen
523 2092 601 2146 clara
618 2091 763 2148 Plutarchi
781 2093 879 2161 verba,
898 2110 971 2162 quae
988 2093 1061 2147 falso
1075 2092 1190 2147 minime
1204 2091 1273 2146 licet
1285 2091 1473 2162 interpretari.

168 2180 201 2217 ac
220 2163 256 2216 de
274 2162 387 2216 Arriani
405 2163 455 2218 illo
473 2179 590 2218 numero
609 2163 790 2218 detrahamus
815 2164 934 2234 triginta
959 2182 1007 2220 sex
1030 2163 1134 2228 millia,
1153 2179 1226 2233 quae
1252 2163 1376 2218 Diodoro
1401 2166 1475 2218 teste

168 2235 263 2304 (XVII,
283 2238 327 2304 95)
347 2234 573 2304 supplementum
592 2235 717 2290 adducta
735 2238 808 2290 sunt.
846 2236 896 2290 sed
913 2235 991 2306 prius
1011 2234 1176 2290 credibilem
1193 2234 1311 2289 reddam
1328 2251 1475 2288 numerum

167 2307 248 2360 illum
266 2305 395 2374 Diodori,
415 2322 499 2374 quem
516 2306 550 2360 H.
569 2306 707 2376 Droysen:
732 2307 954 2380 Untcttutburqur
975 2309 1038 2365 tiber
1060 2308 1132 2376 diter.
1157 2307 1179 2363 b.
1199 2306 1308 2376 Ecaten
1330 2306 1475 2376 pertractat

168 2379 221 2434 aab
249 2377 442 2449 Eticqiitltaunp
471 2383 540 2432 1885
568 2396 594 2447 p.
621 2383 652 2431 77
681 2377 712 2432 in
740 2378 927 2448 suspicionem
954 2378 1064 2434 vocavit
1090 2396 1153 2433 cum
1185 2378 1302 2432 diceret:
1331 2378 1370 2434 eie
1392 2379 1475 2449 haban

167 2449 268 2520 gablau
293 2449 347 2518 [inb
374 2449 441 2518 nicht
467 2449 642 2520 unbcbcullid)
670 2450 723 2506 aab
747 2449 836 2520 latter
860 2450 914 2521 icat
937 2452 996 2521 narb
1020 2452 1063 2506 ter
1086 2449 1240 2520 &attollam
1266 2450 1329 2506 oller
1346 2449 1413 2518 αἰαὶ
1432 2450 1475 2505 ult

168 2519 286 2578 &bibres
304 2520 444 2577 bicrcnbcn
463 2520 585 2590 (δαίσαντα
603 2520 640 2577 tar
659 2521 744 2591 {tabae
763 2527 814 2574 330
833 2521 878 2591 (cf.
899 2521 974 2576 enim
992 2525 1052 2576 Arr.
1071 2522 1118 2590 ΠΙ,
1134 2526 1194 2589 rat
1209 2523 1238 2574 et
1251 2519 1325 2575 curt.
1340 2520 1387 2590 VI,
1403 2523 1474 2590 2,1‘1)

168 2591 260 2648 πίσσα
292 2591 520 2662 Eunbcaqcaaitca
553 2598 603 2649 oua
636 2590 819 2662 &dementant
850 2609 909 2664 quor
941 2595 1019 2665 beera
1051 2592 1169 2664 qcttabcn
1198 2591 1272 2662 {ctat
1309 2591 1353 2663 (ef.
1388 2591 1475 2646 etiam

167 2663 191 2717 J.
216 2662 331 2718 Kaerst:
355 2663 532 2734 &androgeo
556 2679 576 2734 a.
601 2664 645 2722 (bl.
670 2663 713 2720 at.
737 2665 760 2720 b.
786 2663 833 2722 (br.
857 2683 884 2734 p.
910 2671 942 2718 12
967 2665 1030 2719 adn.
1056 2666 1091 2734 3.)
1131 2681 1199 2718 nam
1221 2663 1341 2733 primum
1360 2663 1475 2732 quidem

167 2733 402 2788 mercenariorum
426 2750 611 2804 permagnum
635 2751 781 2789 numerum
808 2736 884 2804 apud
910 2736 1065 2792 Alexandri
1095 2734 1248 2790 exercitum
1272 2733 1474 2804 posterioribus

168 2807 243 2859 certe
268 2803 349 2860 annis
373 2804 472 2874 fuisse,
496 2804 556 2875 ipsc
581 2805 615 2860 H.
639 2805 765 2875 Droysen
783 2806 801 2860 l.
822 2807 839 2861 l.
863 2825 889 2876 p.
911 2813 944 2861 75
967 2807 1032 2863 scit:
1058 2805 1208 2862 collocavit
1229 2807 1304 2860 enim
1326 2822 1375 2859 rex
1397 2805 1475 2859 XXII

168 2875 260 2930 millia
277 2875 513 2930 mercenariorum
531 2875 561 2930 in
580 2877 695 2934 oriente.
728 2877 786 2932 iam
800 2895 865 2932 vero
879 2895 1019 2948 nusquam
1031 2881 1129 2933 tantus
1144 2877 1271 2946 equitum
1284 2877 1474 2948 supplentium

168 2964 299 3002 numerus
324 2951 555 3002 commemoratur
578 2952 701 3018 quantus
724 2948 840 3004 Diodori
862 2949 924 3004 loco
948 2953 977 3004 et
1000 2949 1088 3006 Curtii
1110 2949 1162 3016 IX,
1186 2954 1255 3017 3,21.
1292 2947 1323 3002 in
1345 2947 1474 3002 omnibus

167 3018 238 3072 locis
256 3035 387 3072 numerus
405 3019 533 3089 peditum
551 3019 724 3076 venientium
744 3019 912 3090 quincuplus
930 3020 989 3076 fere
1007 3024 1058 3089 est,
1077 3023 1110 3075 ut
1127 3019 1197 3074 mihi
1212 3019 1327 3088 quidem
1345 3019 1475 3074 videatur

168 3089 256 3144 etiam
272 3089 390 3146 Diodori
407 3107 539 3145 numerus
558 3091 687 3161 peditum
705 3091 722 3145 l.
742 3091 760 3146 l.
779 3095 856 3147 recte
873 3092 995 3147 traditus
1014 3109 1083 3161 esse,
1103 3094 1133 3146 at
1151 3091 1240 3147 Curtii
1258 3091 1336 3146 locus
1355 3091 1474 3145 fortasse

167 3161 292 3216 mutilus.
329 3179 396 3216 nam
414 3163 490 3230 quod
510 3165 617 3232 septem
635 3162 726 3216 millia
744 3163 781 3218 ab
799 3163 925 3245 Harpalo
944 3164 1081 3218 adductos
1100 3179 1161 3218 esse
1179 3165 1277 3218 narrat
1295 3161 1420 3229 Curtius,
1438 3178 1474 3215 ne

168 3233 276 3304 cogites
304 3233 339 3288 de
366 3249 414 3287 sex
440 3233 567 3288 millibus
595 3234 782 3289 Macedonum
809 3234 1006 3304 eqmtibusque
1033 3234 1158 3304 levisque
1186 3236 1344 3290 armaturae
1375 3232 1474 3303 paucis

168 3321 238 3372 quos
256 3303 392 3358 Arrianus
410 3305 457 3372 111,
478 3311 537 3371 19,7
556 3305 633 3374 apud
651 3305 806 3376 Harpalum
824 3306 978 3362 Ecbatanis
995 3305 1179 3376 pecuniarum
1196 3305 1338 3376 praesidio
1361 3305 1474 3360 relictos

168 3391 229 3430 esse
246 3378 356 3432 narrat:
375 3393 441 3430 nam
458 3375 535 3430 idem
554 3376 666 3432 addidit
687 3377 739 3445 HI,
764 3383 836 3446 19,8:
860 3380 965 3450 Κλείτῳ
988 3378 1019 3434 δὲ
1042 3383 1080 3453 τῷ
1102 3385 1151 3447 τῆς
1170 3379 1314 3451 βασιλικῆς
1332 3378 1392 3446 ἰλης
1410 3375 1474 3445 ἡγι-

168 3444 234 3516 μόνι
253 3443 409 3502 ἐπέστειλεν
428 3446 545 3502 ἐπειδὰν
565 3443 596 3502 ἐκ
614 3448 732 3504 Σούσων
756 3446 796 3512 εἰς
815 3447 976 3520 Ἐκβάτανα
999 3450 1187 3520 ἀφίκηται...
1208 3447 1387 3522 ἀναλαβόντα
1410 3447 1475 3508 τοὺς

168 3519 341 3580 Μακεδόνας
357 3519 422 3581 τοὺς
441 3517 487 3572 ἐπὶ
503 3527 560 3574 τῶν
578 3518 726 3590 χρημάτων
743 3517 805 3574 τότε
819 3519 1045 3590 ὑπολειφθέντας
1064 3517 1138 3575 ἰέναι
1151 3519 1202 3588 τὴν
1218 3515 1265 3573 ἐπὶ
1279 3520 1471 3585 Παρθυαίους.

168 3591 267 3658 postea
286 3589 375 3644 Clitus
394 3607 457 3644 cum
475 3589 635 3644 Alexandro
654 3593 705 3657 cst,
724 3591 771 3658 ΠΙ,
791 3596 864 3658 AIA:
889 3609 1028 3662 nusquam
1047 3607 1114 3646 sane
1138 3590 1174 3644 ab
1193 3590 1313 3646 Arriano
1331 3589 1474 3644 indicatur

169 3676 233 3714 eum
261 3660 412 3716 adduxisse
439 3660 503 3715 illos
530 3661 648 3731 Harpali
671 3661 791 3718 milites:
815 3680 986 3733 quamquam
1010 3662 1068 3718 alia
1091 3662 1286 3732 supplementa
1309 3677 1473 3716 commemo·

168 3733 267 3786 rantur
288 3731 335 3800 111,
355 3737 416 3802 25,4
440 3732 484 3803 (cf.
505 3731 579 3788 Curt.
598 3733 632 3802 V,
653 3737 737 3802 7,12;)
760 3734 809 3789 sed
831 3735 878 3803 ΠΙ,
897 3741 959 3804 25,4
982 3733 1019 3788 in.
1035 3733 1117 3789 dicit:
1139 3731 1316 3800 Ἀλέξανδρος
1335 3732 1366 3788 di
1390 3731 1473 3802 ὁμοῦ

167 3800 232 3871 ἤδη
262 3800 345 3872 ἔχων
372 3803 433 3872 τὴν
458 3812 570 3860 πᾶσαν
599 3804 750 3876 δύναμιν
777 3803 822 3878 ᾔει
849 3801 897 3860 ἐπὶ
924 3805 1069 3872 Briareus:
1097 3803 1200 3874 quibus
1227 3803 1321 3859 verbis
1348 3802 1473 3858 indicare

167 3873 279 3927 videtur
297 3874 463 3930 adventasse
482 3873 568 3930 etiam
587 3878 696 3946 septem
714 3876 772 3931 fere
799 3875 851 3930 illa
877 3876 968 3931 millia
994 3876 1181 3931 Macedonum
1206 3875 1373 3944 Ecbatanis,
1401 3891 1473 3942 quae

168 3943 228 3998 iure
256 3944 375 4014 cogitari
402 3945 508 4016 poterit
534 3947 690 4018 Harpalum
717 3951 778 4002 tum
805 3948 917 4002 demum
944 3947 1005 4018 regi
1027 3946 1149 4015 misisse,
1177 3964 1241 4001 cum
1265 3947 1326 4017 ipse
1354 3947 1473 4000 eundern

168 4015 403 4070 mercenariorum
425 4017 484 4072 fere
506 4035 653 4074 numerum
675 4019 799 4074 haberet.
844 4036 910 4073 nam
932 4036 962 4073 re
985 4036 1053 4074 vera
1078 4017 1191 4089 aufugit
1212 4020 1311 4089 postea
1333 4017 1473 4086 Harpalus

169 4105 232 4142 cum
261 4104 309 4142 sex
336 4088 462 4143 millibus
489 4090 724 4146 mercenariorum
751 4089 782 4144 in
809 4089 964 4145 Graeciam.
1011 4089 1112 4160 quodsi
1143 4107 1200 4144 non
1228 4090 1332 4144 errant
1362 4087 1473 4143 Curtius

168 4158 286 4230 Harpali
305 4159 401 4214 dIcens
425 4159 543 4229 milites,
567 4160 682 4216 fuerunt
705 4163 813 4232 septem
835 4161 888 4216 illa
909 4161 1000 4216 millia
1021 4179 1078 4217 non
1101 4162 1269 4216 Macedones
1292 4160 1359 4214 olim
1381 4159 1473 4213 relicti

169 4231 218 4285 sed
235 4229 408 4286 mercenarii.
446 4231 621 4286 conferamus
641 4236 736 4287 autem
753 4232 868 4288 nuntios
887 4234 923 4288 de
942 4233 1144 4304 supplementis
1162 4232 1313 4303 ZarIaspae
1337 4229 1472 4300 acceptis:

168 4301 277 4356 Anien.
297 4301 344 4369 IV,
365 4308 407 4369 w
425 4305 524 4356 narrat
542 4303 689 4358 advenisse
708 4304 896 4358 exercitum
915 4304 1084 4360 Graecorum
1097 4303 1331 4359 mercenariorum
1344 4301 1473 4356 Nearcho

167 4372 297 4427 Asandro
313 4373 445 4441 ducibus,
459 4377 606 4443 praeterea
619 4375 851 4444 Asclepiodorum
865 4375 963 4445 Syriae
977 4378 1120 4445 satrapam
1134 4377 1163 4429 et
1176 4375 1287 4429 Menam
1300 4372 1475 4443 hyparchum

168 4444 217 4498 καὶ
235 4443 351 4506 τούτους
369 4445 502 4513 στρατιὰν
525 4445 652 4515 ἄγοντας.
694 4446 758 4501 Non
782 4447 895 4502 eosdem
918 4447 1003 4502 duces
1026 4445 1100 4501 Cart.
1119 4446 1183 4513 VH,
1204 4451 1280 4513 10,11
1305 4463 1360 4513 sq,
1378 4447 1474 4498 tamen

170 4515 294 4569 omnium
312 4515 436 4570 militum
453 4533 600 4571 numerum
619 4518 656 4571 ad
674 4517 853 4588 undeviginti
871 4518 962 4572 millia
980 4517 1070 4572 affert.
1107 4518 1183 4586 quod
1201 4515 1398 4598 reputantibus
1416 4532 1473 4569 non

168 4586 270 4644 mirum
283 4587 428 4641 videbitur
442 4587 564 4658 triginta
576 4587 667 4643 millia
680 4588 840 4644 Alexandro
855 4589 1049 4659 supplemento
1058 4587 1169 4642 venisse
1177 4589 1288 4642 Indiam
1297 4603 1472 4657 aggressum.

171 4673 204 4710 ac
221 4675 257 4712 ne
277 4658 312 4711 de
331 4658 414 4713 sociis
433 4659 549 4728 quidem
568 4659 756 4714 dubitaverim
778 4661 848 4729 quin
869 4663 947 4714 recta
968 4659 1108 4714 Diodorus
1133 4659 1291 4729 prodiderit
1312 4657 1472 4712 memoriae.

170 4744 236 4783 sane
259 4729 405 4786 dimiserat
427 4747 475 4785 rex
499 4730 565 4786 olim
589 4730 759 4786 Graecorum
782 4731 871 4787 socios
895 4731 954 4787 sive
972 4731 1126 4787 Ecbatanis
1149 4730 1195 4802 (cf.
1214 4729 1316 4786 Arrian
1333 4729 1380 4798 III,
1401 4730 1473 4798 19,5)
