3496 5308
852 313 1071 377 ..34-

315 475 546 536 exstruxerant.
601 471 765 536 adiuvaret
802 476 910 537 autem
937 469 1127 538 Macedones
1153 471 1283 558 Mophis
1310 473 1495 538 Taxilarum
1525 478 1631 558 patre

313 574 441 634 mortuo
464 569 621 656 princepe,
643 569 841 634 frumentum
865 571 1043 656 gratuitum
1067 570 1169 655 copiis
1192 571 1416 660 admensus.⁹⁹)
1737 639 1738 664 ,

401 667 549 752 Triginta
583 667 650 731 dies
658 665 713 754 100)
752 689 808 732 rex
841 668 1014 734 exercitum
1047 668 1217 735 itineribus
1248 693 1306 754 per
1337 675 1464 736 montes
1496 671 1627 755 partim

312 765 442 830 nivosos
459 764 708 849 factis'aliisque
728 764 805 829 belli
824 765 992 831 laboribus
1011 765 1223 854 defatigatum
1241 767 1317 831 dnm
1331 771 1461 852 recreat,
1479 768 1627 833 fortasse

314 863 410 927 etiam
437 862 513 928 dum
535 861 606 927 lndi
634 884 790 946 aquarum
817 863 1022 928 altitudinem
1044 865 1083 928 ad
1107 863 1317 930 traiciendum
1342 865 1447 952 magis
1469 865 1627 930 idoneam

226 989 228 993 ’
312 961 362 1039 vel
394 961 621 1046 supplementa
654 960 813 1025 exercitus
840 965 1018 1046 exspectet,
1048 961 1179 1046 Mophis
1210 965 1345 1029 veniunt
1376 963 1476 1049 legati
1508 985 1626 1049 regem

312 1059 495 1124 salutantes.
549 1058 661 1123 Taxila
693 1059 807 1124 urbem
837 1063 869 1123 et
896 1081 929 1124 se
958 1061 1065 1144 ipsum
1093 1059 1196 1124 denuo
1225 1060 1405 1145 principem
1433 1059 1625 1126 Alexandro

312 1155 516 1222 benevolenti
549 1156 756 1222 committere.
811 1157 894 1222 dona
926 1157 1127 1222 tradiderunt
1159 1159 1286 1245 argenti
1314 1158 1450 1223 ducenta
1477 1158 1542 1222 fere
1571 1161 1625 1222 ta-

311 1255 407 1339 lenta,
430 1255 529 1319 boves
553 1259 585 1318 et
608 1276 683 1319 oves
706 1277 804 1339 snper
826 1255 935 1320 decem
957 1254 1067 1340 millia,
1091 1255 1280 1340 elephantos
1302 1255 1446 1343 triginta.
1492 1257 1624 1339 squiras

313 1351 449 1436 denique
468 1351 654 1417 auxiliarios
673 1375 691 1416 a
709 1351 822 1436 Mophi
841 1352 956 1417 missos
974 1352 1174 1418 adduxerunt
1192 1353 1259 1419 fere
1278 1353 1510 1439 septingentos.
1551 1354 1623 1420 iam

311 1471 376 1513 uon
403 1453 585 1514 moraturus
607 1449 790 1516 Alexander
816 1473 890 1516 vere
918 1453 1048 1516 ineunte
1076 1451 1151 1516 anni
1176 1449 1418 1538 cccxxvl101)
1448 1452 1497 1516 dis
1523 1454 1623 1516 sacri-

312 1547 420 1611 fioavit
444 1547 562 1631 quibus
586 1547 719 1630 solebat,
742 1547 835 1613 ludos
858 1548 1031 1614 instituens
1055 1549 1095 1613 ad
1117 1549 1236 1614 flumen
1257 1549 1425 1636 gymnicos
1444 1552 1621 1632 equestres.

312 1649 409 1728 atque
440 1645 567 1710 felicem
597 1647 753 1710 transitus
781 1646 903 1712 exitum
931 1668 1003 1711 cum
1031 1669 1070 1711 ex
1098 1647 1261 1712 sacrificiis
1288 1650 1473 1734 cognosset,
1505 1645 1622 1710 statim

312 1743 373 1806 sub
400 1742 505 1808 lucem
533 1765 660 1808 amnem
689 1743 856 1830 ingentem
883 1765 1033 1829 superare
1062 1744 1157 1810 iussit
1183 1743 1303 1809 milites
1330 1748 1430 1828 ponte
1453 1744 1621 1830 ingressos

312 1918 411 1972 Indum
430 1919 559 1988 ducebat,
579 1921 628 1988 qui
646 1920 723 1974 vious
742 1937 777 1974 ex
795 1920 910 1974 adverso
929 1921 1006 1974 urbis
1026 1919 1119 1975 Ohind
1137 1920 1167 1974 in
1185 1920 1298 1974 sinistra
1314 1920 1377 1974 Indi
1394 1921 1457 1990 ripa
1475 1920 1544 1973 situs
1563 1922 1617 1974 est.

312 1990 423 2043 accedIt
445 1991 521 2059 quod
543 1991 584 2044 ibi
607 1993 721 2060 praeter
735 1989 792 2046 alia
810 1991 1068 2060 Iudosoythicorum
1086 2008 1184 2062 regum
1202 2008 1330 2045 nummos
1349 1992 1475 2045 inventos
1495 2007 1554 2045 esse
1574 1993 1619 2062 (ut

313 2061 342 2113 in
360 2061 468 2116 Labore
486 2061 556 2118 urbe
574 2079 661 2132 prope
681 2064 745 2132 sita)
762 2062 957 2133 Cunningham
970 2062 988 2116 l.
1003 2062 1021 2117 l.
1037 2063 1117 2116 testis
1131 2065 1181 2118 est.
1209 2063 1307 2116 urbem
1321 2061 1415 2117 Ohind
1428 2061 1472 2116 vel
1486 2061 1620 2116 Wehand

312 2132 348 2185 ab
367 2132 525 2187 Alexandro
545 2135 688 2188 conditam
707 2150 767 2189 esse
785 2133 936 2188 memoriae
954 2133 1090 2188 traditum
1109 2149 1168 2188 esse
1182 2132 1260 2187 Abut
1273 2134 1349 2188 Feda
1363 2133 1479 2202 quidam
1492 2133 1621 2188 narravit

217 2259 219 2264 ,
312 2205 393 2272 (teste
408 2203 494 2258 Onnu.
509 2204 529 2272 1,
548 2208 600 2274 56).
621 2208 695 2259 certe
715 2206 768 2259 etsi
786 2221 842 2259 non
862 2205 1019 2259 condiderit
1036 2205 1142 2269 urbem,
1160 2205 1332 2274 praesidium
1350 2205 1391 2259 ibi
1409 2221 1457 2259 rex
1470 2203 1621 2272 reliquerit

311 2275 341 2328 in
360 2274 475 2330 castello
495 2277 607 2330 tutandi
625 2276 720 2346 pontis
739 2293 838 2330 caussa
852 2277 969 2331 munito.
984 2309 1017 2315 —
1032 2276 1116 2329 Indus
1131 2277 1188 2330 iam
1202 2275 1297 2345 paullo
1312 2293 1396 2346 supra
1410 2275 1504 2330 Ohind
1516 2275 1619 2329 urbem

311 2346 341 2398 in
369 2346 524 2415 complures
549 2363 644 2401 amnes
668 2347 773 2401 diffluit
794 2363 883 2416 usqne
906 2363 939 2402 eo
962 2347 1012 2400 ubi
1035 2347 1118 2401 hodie
1141 2363 1229 2418 prope
1251 2347 1340 2401 Attak
1363 2347 1498 2416 oppidum
1521 2345 1619 2400 Kabul

311 2417 425 2472 fluvium
443 2418 552 2487 recipit.
580 2437 655 2488 pons
669 2421 764 2473 tamen
782 2418 891 2473 navalis
910 2418 965 2472 nisi
983 2419 1126 2472 mensibus
1140 2417 1291 2473 Novembri
1309 2419 1346 2472 ad
1360 2418 1486 2488 Aprilem
1501 2417 1532 2472 in
1545 2418 1618 2473 Indo

311 2489 370 2542 fieri
388 2506 444 2543 nou
462 2492 563 2559 potest,
582 2491 649 2558 quia
667 2489 724 2543 illis
743 2492 853 2544 tantum
871 2490 1013 2544 mensibus
1027 2490 1068 2542 vis
1082 2489 1216 2544 fluctuum
1235 2490 1303 2544 satis
1317 2489 1405 2544 lenita
1419 2491 1462 2543 cst
1476 2489 1512 2544 ad
1526 2487 1620 2542 feren-

312 2560 378 2613 dum
405 2561 500 2628 pontis
527 2561 631 2631 iugum.
669 2561 733 2615 vide
756 2560 783 2615 C.
803 2561 903 2616 Ritter.
941 2561 1026 2615 Asien
1044 2559 1077 2629 V,
1093 2567 1187 2630 23sq.,
1215 2561 1263 2630 qui
1291 2561 1508 2630 descriptionem
1535 2559 1617 2614 Alex.

311 2631 440 2685 Burnesii
459 2632 613 2701 degenere
632 2632 795 2686 stabiliendi
817 2632 948 2688 induvia
967 2649 1061 2699 naves,
1080 2649 1135 2702 quo
1155 2631 1267 2686 accolae
1285 2631 1485 2686 recentioribus
1504 2647 1619 2700 quoque

311 2702 484 2772 temporibus
499 2705 623 2771 utuntur,
644 2703 781 2759 adhibens
796 2703 925 2758 similiter
939 2705 1088 2758 Arrianum
1102 2703 1289 2757 Romanorum
1303 2705 1402 2773 pontes
1416 2703 1529 2757 navales
1544 2703 1577 2770 V,
1590 2707 1618 2772 7,

311 2775 344 2826 ut
365 2773 518 2827 Alexandri
540 2775 690 2828 transitum
714 2774 867 2844 explicaret
889 2774 1069 2845 descripsisse
1088 2775 1164 2828 dicit.
1190 2776 1312 2828 ceterum
1330 2773 1489 2829 Alexander
1511 2773 1618 2827 flumen

310 2845 423 2898 traiecit
441 2847 558 2898 exeunte
578 2845 635 2899 fere
653 2862 748 2900 mense
762 2846 863 2900 Martio
879 2863 903 2902 a.
919 2845 1072 2900 CCCXXVI
1086 2863 1110 2899 a.
1126 2845 1188 2899 Chr.
1203 2863 1229 2898 n.
1268 2845 1366 2901 eodem
1383 2847 1416 2899 ut
1429 2845 1539 2899 videtur
1552 2843 1617 2899 loco

312 2931 384 2969 auno
412 2914 605 2970 MCCOXGVII
636 2917 788 2986 imperator
815 2917 911 2971 Timur
942 2919 1028 2986 ponte
1060 2916 1153 2970 navali
1180 2916 1280 2970 Indum
1312 2917 1424 2971 traiecit
1451 2919 1485 2986 (v.
1514 2916 1616 2973 Ritter.

311 2986 396 3040 Asien
414 2985 461 3055 IV,
481 2992 510 3054 2,
525 2989 595 3057 073).
638 2989 723 3042 etiam
750 2989 903 3058 imperator
925 2987 1017 3042 Baber
1043 2987 1073 3040 in
1101 2989 1307 3043 commentariis
1336 2988 1393 3041 suis
1416 2988 1507 3042 hieme
1530 3004 1618 3056 supra

312 3057 577 3126 Cophenem·Kabul
613 3058 716 3112 fiumen
747 3059 865 3113 influens
893 3059 992 3112 Indum
1024 3059 1129 3128 optime
1160 3059 1243 3113 traici
1276 3061 1372 3114 namot
1403 3059 1551 3128 ipsumque
1584 3071 1618 3112 se'

311 3127 440 3198 plurimis
468 3129 657 3184 incursionum
684 3131 715 3183 in
737 3131 846 3184 Indiam
869 3130 1007 3184 factarum
1030 3131 1083 3184 hac
1106 3130 1153 3184 via
1172 3132 1266 3200 (supra
1285 3130 1453 3200 Cophenem)
1472 3129 1615 3185 transisse.

311 3199 409 3253 Leuius
427 3219 454 3270 ρ.
470 3205 504 3252 30
518 3201 581 3254 adu.
597 3207 613 3255 4
632 3201 680 3269 qui
699 3201 773 3255 infra
787 3201 945 3271 Cophenem
959 3201 1148 3255 Alexandrum
1166 3201 1308 3256 traiecisse
1326 3203 1409 3271 putat
1427 3203 1509 3270 errat,
1529 3201 1615 3255 etiam

311 3271 387 3340 qnod
405 3271 595 3325 Alexandrum
613 3288 664 3341 per
680 3272 780 3326 Indum
798 3272 900 3326 flumen
918 3273 1036 3326 navibus
1056 3272 1209 3326 decurrisse
1227 3275 1330 3327 narrat.
1358 3289 1424 3327 nam
1447 3289 1533 3342 parva
1550 3274 1615 3326 tan-

311 3344 371 3395 tum
395 3343 531 3396 exereitus
554 3359 619 3412 pars
642 3343 760 3397 navibus
779 3343 815 3398 ad
833 3346 947 3413 pontem
965 3344 1029 3398 vehi
1047 3345 1171 3412 poterat3
1194 3345 1254 3398 tum
1273 3347 1387 3414 propter
1405 3344 1461 3397 vim
1479 3343 1614 3397 fluctuum

311 3413 371 3467 fieri
394 3414 506 3468 omniuo
530 3432 586 3468 non
609 3415 703 3482 potuit
725 3417 758 3467 ut
779 3414 823 3468 vel
847 3430 880 3468 ea
902 3431 967 3484 pars
985 3431 1036 3484 per
1055 3414 1224 3469 confluentes
1242 3415 1335 3469 Kabnl
1353 3418 1382 3469 et
1400 3415 1500 3468 Indum
1519 3431 1613 3469 amnes

311 3485 466 3540 veheretur.
500 3485 564 3540 vide
582 3485 681 3540 Ritter.
714 3485 800 3540 Asien
813 3485 846 3554 V,
862 3491 904 3539 22.
936 3485 1004 3539 item
1028 3488 1102 3540 errat
1120 3485 1218 3540 Leuius
1241 3486 1276 3540 de
1295 3485 1425 3540 Orobatis
1448 3485 1525 3540 urbis
1549 3486 1612 3541 situ.

402 3566 445 3634 99)
465 3565 528 3618 vide
548 3564 673 3619 Curtium
691 3565 764 3633 VHI,
785 3571 826 3634 12,
842 3571 866 3619 0,
895 3567 1017 3620 ceterum
1035 3565 1146 3634 Mophis
1166 3583 1182 3619 a
1197 3565 1318 3620 Diodoro
1336 3565 1421 3634 XVII,
1436 3569 1479 3634 86,
1498 3564 1614 3636 Omphis

311 3653 328 3688 a
347 3635 441 3690 Curtio
458 3635 530 3703 VIII,
550 3643 592 3704 12,
607 3642 623 3689 4
642 3637 814 3703 nominatum
833 3637 941 3707 regium
960 3653 1061 3692 nomen
1080 3639 1141 3690 erat
1157 3635 1276 3705 Taxilis,
1295 3637 1322 3690 h.
1338 3653 1361 3692 e.
1377 3636 1539 3690 Taxilarum
1556 3653 1613 3706 rex,

312 3723 366 3788 quo
391 3709 477 3832 pappir
497 3705 701 3832 apppllagatur.
732 3707 867 3832 l(tortasse
890 3709 976 3832 epiiam
987 3707 1077 3832 ,ἱΗίΙρε
1100 3708 1243 3832 propp-ium
1266 3725 1367 3762 nomen
1391 3710 1456 3790 erat·
1474 3707 1613 3832 Mophistt)

311 3793 523 3917 suun?
531 3795 732 3905 ...tuat
736 3796 843 3920 Jttt.
849 3797 919 3904 tt.
932 3797 1047 3905 Valla
1058 3795 1238 3920 {estrat
1250 3795 1366 3920 tamt
1381 3795 1613 3920 11010111)

310 3919 418 3990 legatos
438 3921 472 3974 de
490 3920 601 3974 foedere
620 3923 704 3990 atque
723 3922 849 3976 amicitia
868 3923 905 3976 ad
918 3922 1107 3976 Alexandrum
1127 3921 1233 3992 (audito
1247 3923 1280 3974 ut
1291 3921 1403 3975 videtur
1417 3921 1476 3976 eius
1491 3921 1613 3976 adventu

310 3991 340 4044 in
361 3991 595 4062 Paropanisadae)
618 3994 744 4061 miserat,
769 3993 817 4061 qui
840 4009 935 4063 regem
953 3993 1143 4048 Alexandrum
1165 3993 1194 4046 in
1214 3992 1356 4062 Sogdiana
1374 3994 1530 4047 versantem
1549 4009 1613 4046 con·

309 4065 451 4117 venerunt.
485 4063 587 4132 (DIod.)
606 4064 775 4134 ingredienti
793 4067 853 4118 tum
867 4065 897 4118 in
910 4065 1019 4118 Indiam
1033 4064 1191 4118 Alexandro
1210 4063 1271 4132 ipse
1285 4063 1397 4118 Taxiles
1411 4065 1512 4134 (pater)
1526 4079 1613 4133 prope

310 4133 468 4203 Cophenem
490 4137 602 4203 praesto
626 4137 687 4189 erat
705 4137 734 4188 et
752 4153 815 4188 cum
833 4135 1041 4204 Hephaestione
1060 4137 1088 4189 et
1105 4135 1240 4189 Perdicca
1257 4136 1373 4189 recessit
1390 4137 1479 4205 (Aru).
1517 4133 1613 4204 paullo

197 4237 202 4252 ·
309 4207 374 4273 post
392 4204 521 4274 (fortasse
539 4205 568 4258 in
587 4205 697 4276 itinere)
716 4209 840 4260 mortuus
859 4222 919 4260 esse
933 4206 1045 4261 videtur
1059 4206 1143 4275 (Curt.
1158 4205 1250 4277 Diod.)
1265 4209 1325 4261 tum
1339 4207 1413 4260 filius
1428 4207 1487 4260 eius
1502 4205 1612 4275 Mophis

309 4276 347 4400 pp
365 4275 555 4399 Aldexandmn
573 4276 633 4346 ipse
651 4295 708 4332 non
725 4278 813 4347 venit,
833 4278 911 4331 misit
928 4279 1022 4332 tamen
1041 4277 1149 4348 legatos
1169 4278 1204 4332 de
1222 4295 1321 4348 regno:
1347 4277 1423 4347 quod
1442 4277 1468 4331 ei
1486 4277 1613 4346 permisit

340 4363 389 4401 aee
410 4364 434 4402 o.

400 4420 460 4488 100)
479 4418 618 4473 immerito
637 4420 734 4474 Leuius
753 4438 780 4489 p.
800 4425 832 4474 31
853 4421 916 4476 adn.
938 4427 951 4474 1
971 4420 1045 4474 hunc
1063 4420 1180 4475 Diodori
1198 4438 1344 4476 numerum
1362 4423 1395 4474 ut
1413 4420 1483 4476 alios
1502 4436 1611 4489 quoque

310 4488 340 4542 iu
358 4489 545 4558 suspicionem
563 4493 651 4544 vocat.

400 4564 461 4630 101)
481 4560 515 4614 cl.
534 4560 624 4615 Strab.
640 4561 691 4614 XV
704 4581 731 4632 p.
748 4569 807 4618 091.
836 4566 959 4618 ceterum
977 4563 1068 4618 minus
1088 4567 1218 4619 accurate
1236 4565 1341 4618 Lassen
1359 4563 1393 4632 Π,
1412 4581 1439 4632 p.
1456 4568 1506 4616 152
1526 4562 1612 4632 scrip-

311 4631 360 4684 sIt:
384 4637 411 4687 ea
436 4643 490 4687 aar
512 4632 638 4703 repetitu
661 4633 703 4689 riu
725 4633 798 4705 Subi
821 4635 963 4706 casteller,
987 4635 1089 4706 trithem
1107 4636 1250 4705 timenter
1273 4637 1335 4691 tter
1358 4636 1406 4690 beu
1423 4634 1611 4703 Paropanisus

312 4716 420 4774 persecu
439 4713 500 4760 tuac.
529 4721 594 4760 nam
612 4720 677 4758 vere
692 4708 809 4760 exeunte
823 4707 931 4760 Bactris
946 4705 1104 4762 Alexander
1117 4706 1259 4777 profectus
1274 4709 1342 4760 erat.
1357 4723 1380 4760 v.
1396 4710 1452 4758 Arr.
1471 4705 1518 4774 IV,
1533 4712 1576 4775 22,
1586 4711 1609 4760 3.
