3506 5306
680 314 902 377 „83-

128 492 234 555 talem
267 491 404 578 gloriam
437 491 593 556 victorem
627 513 752 575 semper
784 515 818 555 se
848 492 1066 575 adduxissent,
1104 494 1136 554 et
1168 492 1269 575 ipsius
1301 491 1449 556 laborum

127 593 346 654 monumenta
369 590 508 674 posteris
522 589 668 654 miranda
681 591 862 674 relinquere
882 590 915 654 in
931 591 1037 654 animo
1056 589 1179 654 habuit.
1216 593 1314 674 atque
1333 590 1367 652 in
1386 591 1449 654 aris

128 689 309 752 exstructis
332 708 406 752 cum
430 689 526 752 solito
549 709 639 753 more
662 688 872 753 sacrificasset
885 689 1043 772 ludosque
1058 688 1226 774 gymnicos
1241 692 1273 752 et
1287 691 1449 772 equestres

128 785 329 850 instituisset
353 789 519 870 totamque
535 785 699 872 regionem
717 786 757 850 ad
771 785 954 871 Hyphasim
968 809 1070 871 usque
1084 786 1168 851 Poro
1193 784 1448 872 subdidissetiii)

128 883 246 948 eadem
269 884 337 948 fere
360 885 413 949 via
437 907 501 968 qua
524 907 712 970 progressus
737 889 805 949 erat
829 885 914 950 circa
938 883 1093 950 Ostendes
1117 883 1254 949 Sextiles
1278 885 1318 949 ad
1340 884 1449 969 Hyda-

127 1005 225 1068 spem
249 980 448 1070 revertare)

126 1193 203 1231 esse.
245 1177 356 1231 novisse
384 1193 446 1230 eam
473 1177 585 1230 videtur
611 1176 727 1231 Diodori
755 1179 853 1231 auctor
881 1177 919 1244 11,
939 1182 1012 1243 37,3:
1042 1175 1218 1244 καταντήσας
1246 1176 1298 1246 γὰρ
1328 1176 1374 1231 ἐπὶ
1401 1177 1451 1231 τὸν

124 1246 250 1318 Γάγγην
277 1248 406 1317 ποταμὸν
435 1247 503 1316 perd
530 1247 622 1317 πάσης
650 1247 797 1316 δυνάμεως
824 1251 853 1301 et
875 1248 949 1302 Plut.
968 1267 993 1302 v.
1013 1248 1056 1302 Al.
1077 1265 1099 1302 o.
1116 1253 1149 1301 62
1177 1265 1234 1302 non
1263 1249 1298 1301 de
1320 1247 1451 1318 Hyphasi

124 1319 247 1374 omnino
277 1320 326 1373 sed
353 1319 537 1390 neglegenter
565 1319 600 1373 de
624 1319 722 1390 Gange
750 1337 853 1389 magno
877 1320 975 1374 refert:
1009 1318 1180 1388 ἀντέστησαν
1209 1319 1247 1389 (οἱ
1275 1323 1449 1389 στρατιῶται)

126 1391 254 1460 ἰσχυρῶς
270 1388 439 1464 Ἀλεξάνδρῳ
463 1389 617 1463 βιαζομένῳ
645 1392 695 1445 καί
722 1391 771 1444 τὸν
793 1390 906 1474 Γάγγην
928 1390 1050 1460 περάσαι
1069 1389 1197 1459 ποταμόν
1217 1435 1222 1446 .
1245 1434 1249 1444 .
1272 1434 1276 1443 .
1297 1391 1322 1446 εί
1345 1391 1381 1460 μή
1400 1409 1451 1445 πε-

126 1461 228 1530 ράσειε
246 1461 297 1516 τὸν
310 1461 434 1532 Γάγγην.
472 1465 588 1531 superat
606 1478 653 1516 eos
673 1462 760 1517 etiam
778 1463 865 1532 Trogi
883 1463 999 1532 Pompei
1019 1463 1117 1516 auctor
1136 1462 1244 1528 (lustin.
1259 1462 1317 1528 XII,
1328 1465 1355 1532 8)
1374 1463 1451 1531 quod

124 1535 232 1588 narrat
254 1533 403 1588 Praesides
427 1536 456 1586 et
479 1532 656 1602 Gangaridas
684 1534 719 1588 ab
743 1533 905 1589 Alexandro
929 1551 990 1588 esse
1013 1534 1113 1588 victos:
1143 1533 1200 1587 iam
1229 1551 1292 1586 cum
1316 1533 1451 1602 Onphites

126 1622 200 1660 eum
233 1606 443 1674 exspectassent
470 1604 575 1658 milites
602 1621 685 1674 porro
714 1604 756 1659 ire
788 1605 969 1660 recusavisse.
1017 1605 1138 1673 denique
1169 1605 1246 1674 apud
1273 1605 1450 1659 Pseudocall.

125 1677 212 1744 ῙΠ,7
233 1675 378 1730 Palladius
397 1676 467 1730 haec
487 1676 573 1730 dixit:
603 1675 726 1746 διήγημα
745 1675 776 1730 δὲ
796 1675 911 1746 φέρεται
928 1674 1108 1744 Ἀλεξάνδρου
1127 1683 1176 1730 τοῦ
1195 1685 1251 1730 τῶν
1270 1675 1449 1730 Μακεδόνων

125 1746 268 1820 βασιλέως
295 1745 503 1817 διηγησαμένου
528 1757 622 1810 ποσῶς
648 1748 697 1802 τὸν
726 1747 788 1818 βιόν
816 1749 917 1802 αὐτῶν.
956 1745 1076 1819 κάκείνῳ
1096 1747 1128 1802 δέ
1146 1747 1218 1816 τάχα
1237 1748 1343 1817 ὑπῆρχε
1362 1749 1400 1809 ὡς
1418 1747 1448 1800 ἐκ

125 1818 382 1887 παρακούσματος·
410 1819 474 1873 οὔτε
497 1817 550 1888 γάρ
574 1819 660 1881 αὐτὸς
683 1820 720 1881 ὡς
739 1815 818 1887 οίματ
841 1819 891 1873 τὸν
912 1819 1025 1889 Γάγγην
1045 1819 1217 1887 ἐπεραιώθη,
1237 1815 1298 1872 ἀλλ’
1319 1817 1385 1888 άχρι
1402 1827 1452 1888 τῆς

127 1893 262 1960 Σηρικῆς
291 1890 428 1959 ίφθασεν,
458 1890 532 1945 ένθα
552 1889 579 1944 oi
597 1893 689 1960 Σῆρες
706 1890 738 1945 τὸ
758 1889 876 1959 μέταξον
895 1888 1018 1944 τίκτουσι
1034 1891 1116 1944 κάκεῖ
1133 1888 1248 1958 λιθίνην
1268 1889 1369 1960 στήλην
1389 1889 1452 1958 στή-

127 1980 187 2023 σας
202 1960 370 2030 έπέγραψεν.
388 1957 568 2030 Ἀλέξανδρος
583 1961 597 2016 d
612 1961 792 2016 Μακεδόνων
807 1963 935 2033 βασιλεὺς
949 1963 1066 2030 ἔφθασα
1082 1960 1160 2031 μέχρι
1174 1962 1275 2016 τούτου
1290 1969 1339 2014 τοῦ
1354 1959 1450 2016 τόπου.

127 2033 238 2088 Suidas
257 2050 278 2086 s.
298 2051 322 2086 v.
345 2031 508 2102 Βράγμανες
531 2049 566 2087 ex
584 2033 714 2087 Palladio
738 2033 874 2087 nonnulla
897 2049 1048 2103 excerpens
1071 2033 1159 2087 talem
1177 2033 1391 2102 inscriptionem
1409 2049 1451 2086 re-

126 2105 202 2158 fert:
222 2103 275 2174 ἐγὼ
294 2103 379 2174 μέγας
395 2101 573 2173 Ἀλέξανδρος
591 2106 719 2176 βασιλεὺς
738 2104 854 2173 ἔφθασα
873 2105 952 2175 μέχρι
970 2105 1079 2159 τούτου.
1117 2107 1174 2158 tres
1188 2103 1277 2158 habes
1291 2104 1380 2174 igitur
1394 2106 1451 2158 tra-

127 2175 258 2229 ditiones
276 2175 429 2230 fabulosas.
467 2175 530 2230 luce
549 2176 652 2230 clarius
672 2178 716 2230 est
733 2175 839 2230 talibus
859 2176 966 2230 mmtiis
985 2176 1094 2229 nullum
1108 2175 1268 2230 habendam
1283 2191 1344 2229 esse
1358 2175 1450 2229 fidem.

228 2249 290 2316 268)
314 2247 357 2300 ita
375 2246 510 2300 Arrianus
535 2247 617 2301 claris
636 2247 728 2301 verbis
747 2250 844 2301 narrat
862 2248 895 2315 V,
912 2253 985 2313 29,2;
1014 2263 1186 2316 quamquam
1204 2246 1253 2300 ille
1273 2247 1307 2300 de
1327 2246 1452 2315 Sopithis
1556 2291 1558 2296 ,

126 2318 237 2388 prioris
251 2318 414 2388 Phegeique
433 2319 527 2388 regnis
546 2321 631 2386 tacet,
645 2321 741 2372 tamen
760 2335 794 2372 ea
807 2319 872 2372 Pori
886 2319 1022 2388 potestati
1037 2319 1165 2372 subiecta
1178 2317 1266 2372 fuisse
1279 2317 1450 2386 putabimus.

130 2389 221 2443 aliter
244 2388 440 2443 iudicaverunt
465 2405 532 2443 sane
556 2390 682 2458 Droysen
705 2391 731 2443 H
755 2409 782 2459 p.
800 2396 851 2443 164
871 2391 985 2459 (Lasseu
1003 2391 1029 2444 ll
1052 2409 1078 2460 p.
1096 2396 1146 2442 175
1171 2389 1235 2443 adn.
1252 2391 1278 2458 2)
1297 2389 1453 2458 Hertzberg

130 2461 162 2514 Π
178 2479 205 2529 p.
217 2466 277 2514 293.
317 2461 366 2514 sed
386 2460 485 2528 quidni
500 2461 570 2514 Poro
585 2460 636 2513 illa
651 2463 726 2515 certe
740 2478 797 2515 non
811 2462 853 2514 ita
866 2478 971 2530 magna
984 2477 1073 2532 regna
1087 2461 1247 2514 Alexander
1261 2460 1452 2515 subiunxerit?

131 2533 186 2600 qui
201 2531 334 2585 Abhisari
354 2533 469 2600 quidem
488 2535 619 2600 satrapae
638 2534 771 2586 Arsacem
790 2533 906 2601 eiusque
924 2549 1041 2602 regnum
1057 2532 1184 2586 subdidit
1203 2532 1237 2586 cf.
1257 2532 1317 2585 Arr.
1333 2531 1367 2598 V,
1382 2537 1451 2599 29,5.

208 2606 270 2670 269)
290 2603 324 2657 cf.
340 2603 421 2657 Diod.
433 2604 518 2670 XVII,
530 2609 590 2670 95,3
609 2613 671 2666 ταῖς
691 2605 789 2666 αὐταῖς
804 2604 882 2666 ὁδοῖς
895 2602 1054 2672 πορευθείς.
1091 2604 1158 2658 lust.
1174 2603 1232 2671 ΧΠ,
1243 2609 1271 2657 8:
1292 2603 1338 2657 via
1352 2604 1452 2657 eadem

131 2674 230 2729 rediit.
269 2675 372 2742 quibus
391 2691 448 2742 qua
467 2675 502 2728 de
521 2691 551 2729 re
569 2676 623 2729 hoc
641 2675 703 2729 loco
722 2675 805 2729 fidem
828 2675 993 2744 derogemus
1012 2675 1115 2730 nescio.
1152 2675 1229 2729 idem
1246 2675 1366 2728 fortasse
1386 2674 1452 2728 Cur-

131 2745 194 2800 tius
213 2745 260 2812 IX,
276 2751 337 2813 3,20
356 2745 446 2800 voluit
465 2746 557 2800 dicere
577 2764 640 2800 cum
660 2747 783 2816 scripsit:
805 2747 882 2800 ‘hinc
900 2750 1030 2816 repetens
1049 2763 1122 2815 quae
1142 2763 1270 2800 emensus
1289 2747 1369 2799 erat’.
1400 2747 1451 2798 Ar-

130 2817 231 2871 rianus
250 2816 292 2869 nil
309 2817 429 2872 tradidit
448 2817 483 2870 de
502 2817 548 2871 via
568 2835 625 2886 qua
638 2822 779 2872 revertens
794 2836 860 2872 usus
875 2819 913 2872 sit
926 2818 1093 2872 Alexander.
1127 2835 1161 2871 ac
1174 2817 1291 2872 veniunt
1305 2817 1342 2870 ad
1356 2833 1452 2886 regem

132 2905 200 2942 cum
224 2888 261 2942 ad
279 2888 428 2942 Acesinem
452 2892 545 2942 castra
568 2889 709 2958 posuisset
731 2889 820 2960 legati
839 2889 999 2956 Abhisan‘s3
1028 2907 1097 2958 quos
1120 2892 1153 2943 ut
1171 2889 1362 2943 Alexandrum
1387 2905 1452 2943 con-

134 2959 265 3014 venirent
282 2959 434 3014 verisimile
453 2964 497 3015 est
515 2961 614 3014 eadem
632 2961 679 3014 via
696 2961 874 3030 processisse,
894 2978 950 3030 qua
970 2963 1053 3015 antea
1072 2977 1119 3014 rex
1138 2960 1200 3030 ipse
1220 2961 1344 3014 duxerat.

245 3031 294 3084 sed
323 3048 378 3099 quo
405 3034 531 3102 tempore
559 3032 674 3086 revertit
701 3040 767 3086 rex?
808 3033 947 3086 Diodorus
970 3033 1091 3086 tradidit
1113 3031 1202 3099 XVlI,
1219 3036 1279 3099 94,3
1303 3031 1450 3085 continuos

132 3102 240 3156 imbres
263 3118 314 3171 per
340 3103 522 3172 septuaginta
546 3103 605 3156 dies
625 3104 718 3157 adhuc
736 3103 874 3158 militibus
893 3103 1025 3158 molestos
1044 3103 1139 3158 fuisse.
1176 3102 1355 3156 Aristobulus
1375 3103 1451 3172 apud

133 3173 304 3228 Strabonem
322 3173 374 3227 XV
392 3193 418 3243 p.
436 3179 531 3242 69l,1'l
550 3173 675 3229 rettulit:
696 3175 725 3230 έν
745 3174 776 3229 δὲ
794 3185 853 3237 τοῖς
875 3173 1003 3240 Ταξίλοις
1021 3184 1132 3242 πρῶτον
1151 3175 1289 3244 ὑσθῆναι·
1309 3175 1358 3228 καί
1377 3173 1450 3228 ἐπει-

134 3244 173 3313 δὴ
197 3246 353 3315 καταβᾶσιν
381 3245 428 3299 ἐπί
455 3246 505 3300 τὸν
524 3243 666 3314 Ὑδάσπην
694 3247 742 3300 καί
765 3245 882 3313 νικήσας
900 3250 1002 3312 Πῶρον
1026 3246 1092 3307 ὁδὸς
1114 3239 1150 3314 ήν
1170 3246 1216 3300 ἐπὶ
1234 3243 1450 3300 τὸνὝπανιν

132 3315 221 3384 πρὸς
245 3313 284 3369 ἕω
380 3314 483 3370 ὕεσθαι
507 3326 635 3389 συνεχῶς.
673 3315 861 3380 ἐπιτείλαντος
884 3315 912 3371 δ’
935 3316 1101 3386 Ἀρκτούρου
1127 3317 1237 3387 (paucis
1261 3316 1360 3371 diebus
1385 3319 1451 3370 ante

132 3387 203 3440 Idus
218 3386 407 3457 Septembres)
426 3387 560 3458 γενέσθαι
578 3391 698 3443 παῦλαν.
737 3391 855 3442 exeunte
874 3389 932 3443 fere
951 3406 1046 3444 mense
1060 3389 1153 3458 Aprili
1168 3389 1274 3442 Taxilis
1293 3388 1451 3458 profectum

134 3475 197 3513 esse
216 3457 408 3512 Alexandrum
434 3476 519 3529 supra
537 3460 666 3513 vidimus.
703 3460 800 3530 paullo
823 3463 889 3530 post
907 3461 972 3514 Idus
991 3460 1082 3514 Maias
1101 3476 1198 3530 pugna
1216 3459 1293 3514 facta
1312 3462 1355 3514 est
1372 3459 1451 3526 Pori:

134 3529 210 3585 κατὰ
228 3529 348 3597 θερινὰς
366 3530 471 3598 τροπὰς
495 3531 532 3584 ad
551 3531 699 3584 Acesinem
723 3532 889 3585 considebat
913 3535 955 3601 (ut
977 3533 1089 3585 videtur
1111 3533 1142 3585 in
1167 3531 1282 3585 sinistra
1299 3531 1363 3600 ripa
1381 3531 1451 3584 Ace-

135 3601 207 3655 sinis
227 3600 261 3654 cf.
278 3600 378 3655 Strabo
397 3601 456 3668 XV,
472 3607 523 3656 692
543 3603 615 3656 κατὰ
634 3603 684 3671 τὴν
703 3603 869 3727 ἀνάξασινμ
897 3603 964 3656 inde
983 3604 1007 3656 si
1026 3619 1203 3656 numeramus
1223 3603 1372 3656 duodecim
1391 3602 1451 3656 dies

135 3672 174 3726 ad
194 3671 319 3742 Sangala
340 3676 510 3743 expugnata,
530 3674 599 3727 duos
620 3674 679 3727 dies
699 3675 735 3728 ad
779 3675 926 3743 urdaspur,
945 3677 1002 3728 tres
1022 3675 1059 3726 ad
1077 3674 1192 3744 Kengra
1209 3673 1301 3739 urbes,
1314 3673 1362 3726 ibi
1381 3673 1451 3727 duos

135 3745 198 3798 dies
226 3743 401 3812 refectionis,
430 3748 529 3814 postea
556 3748 613 3798 tres
636 3745 680 3798 vel
709 3748 842 3813 quattuor
866 3746 925 3798 dies
949 3761 1090 3814 regressus
1115 3746 1152 3800 ad
1174 3745 1287 3814 Phegea
1312 3747 1341 3799 et
1364 3761 1451 3814 prope

137 3815 304 3884 Gurdaspur
323 3815 358 3868 ad
378 3815 472 3885 ipsum
490 3816 655 3886 Hyphasim,
679 3816 750 3870 fiunt
768 3816 858 3869 XXIH
876 3817 934 3870 fere
954 3817 1027 3884 dies,
1047 3835 1117 3884 quos
1137 3817 1160 3870 si
1180 3817 1395 3869 adnumeremus
1415 3817 1452 3870 ad

136 3885 292 3940 solstitium
311 3886 457 3955 aestivum,
477 3888 609 3941 eveniunt
627 3887 685 3942 fere
703 3888 770 3940 Idus
788 3887 889 3954 iuliae3
909 3887 933 3940 si
952 3887 1018 3942 inde
1038 3889 1170 3942 detrahas
1190 3888 1371 3957 septuaginta
1386 3887 1451 3940 Dio-

137 3958 200 4012 dori
228 3957 293 4042 illos
323 3958 395 4026 dies,
423 3959 550 4014 revenias
575 3961 611 4013 ad
629 3958 726 4012 Nonas
750 3959 808 4012 fere
827 3959 925 4013 Maias.
964 3975 997 4013 ac
1020 3977 1050 4012 re
1072 3976 1138 4013 vera
1161 3959 1218 4012 iam
1242 3962 1308 4013 ante
1326 3976 1452 4028 pugnam

136 4030 1347 4172 initiabatpatalaltrinsecust.{titaliababat
1368 4033 1451 4170 sta

138 4173 162 4226 si
181 4172 264 4226 addis
283 4174 395 4241 praeter
418 4174 474 4226 tres
499 4173 562 4226 flios
583 4173 642 4227 dies
662 4175 821 4228 orationum
840 4176 869 4227 et
887 4174 947 4228 irae
965 4173 1061 4244 regiae
1079 4172 1228 4226 nonnullos
1253 4173 1313 4226 dics
1333 4173 1369 4226 ad
1388 4188 1450 4240 per-

137 4243 273 4298 ficiendas
289 4245 438 4298 duodecim
452 4244 517 4298 illas
534 4261 605 4312 aras,
624 4263 712 4298 unum
731 4245 768 4299 ad
787 4245 956 4299 celebranda
975 4245 1112 4299 sacrificia
1127 4247 1250 4298 extremo
1269 4259 1364 4296 mense
1378 4242 1450 4297 lulio

137 4315 183 4369 vel
200 4315 318 4370 ineunto
336 4332 431 4370 mense
449 4317 585 4386 Augusto.
622 4317 709 4370 rediit
727 4317 762 4370 ab
777 4317 906 4386 Hyphasi
925 4320 1019 4385 atque,
1039 4319 1225 4370 commoratus
1244 4315 1363 4370 fortasse
1381 4331 1450 4368 non-

137 4385 231 4440 nullos
250 4386 311 4441 dies
331 4387 368 4440 ad
382 4387 538 4454 Acesinem‚
558 4388 633 4442 circa
651 4388 718 4440 Idus
736 4387 906 4457 Augustales
926 4389 963 4442 ad
981 4388 1145 4457 Hydaspem
1163 4388 1279 4442 revenit.
