3506 5306
727 327 948 392 ,ομ-

177 507 290 590 Sileni,
314 507 518 572 Timanthem
544 506 731 589 Pantiedae3
754 511 849 589 atque
873 507 907 570 hi
931 508 1059 590 quidem
1078 506 1197 571 Pellaei
1221 511 1318 571 erant.
1356 506 1490 591 Amphi-

175 606 298 688 politae
332 607 366 669 hi
400 605 572 668 duxerunt:
617 603 783 668 Nearchus
816 603 1013 686 Androtimi,
1050 603 1125 668 Cres
1157 625 1273 689 genere
1305 604 1362 687 qui
1394 605 1489 668 etiam

177 704 289 767 classis
318 704 418 768 totius
441 704 621 767 nauarchus
645 702 749 767 factus
778 706 838 780 est,
871 702 1055 767 Laomedon
1078 701 1218 784 Larichi,
1248 700 1489 766 Androsthenes

177 800 368 885 Callistrati3
392 799 559 865 Crestitae:
598 799 745 864 Craterus
769 799 957 883 Alexandri,
980 799 1147 864 Perdiccas
1171 798 1315 883 Orontis3
1337 799 1489 864 Eordaei:

174 899 383 964 Ptolemaeus
407 899 501 984 Lagi,
524 898 695 964 Aristonus
723 897 841 982 Pisaei3
868 898 1023 982 Pydnaei:
1069 897 1196 961 Metron
1222 897 1409 980 Epicharmi
1432 897 1489 962 Ni-

177 998 409 1081 carchidesque
446 995 541 1081 Simi3
583 1001 709 1081 praeter
749 998 808 1060 hos
845 996 974 1061 Attalus
1012 995 1227 1060 Andromenis
1264 993 1489 1079 Stymphaeus,

173 1095 350 1160 Peucestes
369 1096 544 1161 Alexandri
562 1095 711 1178 Miezeus,
729 1094 850 1159 Pithon
869 1093 1022 1158 Crotonae
1040 1093 1285 1176 Alcumenaeus,
1304 1093 1488 1158 Leonnatus

174 1193 344 1278 Antipatri
357 1193 515 1280 Aegaeus,
533 1193 738 1258 Pantauchus
755 1192 883 1258 Nicolai
896 1193 1047 1276 Aloritae,
1061 1192 1196 1276 Mylleas
1210 1191 1292 1257 Zoili
1306 1192 1488 1277 Beroensis3

175 1291 374 1358 Graecorum
392 1293 455 1356 hoc
477 1293 599 1356 honore
623 1292 728 1355 affecti
753 1295 841 1355 sunt:
877 1290 1002 1355 Medius
1026 1289 1272 1374 Oxynthemidis
1295 1290 1489 1373 Larissaeus,

172 1389 339 1454 Eumenes
358 1389 549 1474 Hieronymi
569 1387 753 1475 Cardianus,
772 1387 956 1454 Critobulus
977 1388 1122 1452 Platonis
1142 1386 1236 1471 Cone,
1255 1387 1361 1453 Thoas
1380 1388 1488 1452 Meno-

173 1488 248 1550 dori
268 1491 299 1551 et
317 1487 489 1552 Maeander
506 1487 733 1573 Mandrogenis
747 1487 917 1573 Magnesii3
935 1487 1071 1552 Andron
1086 1485 1212 1550 Cabelei
1227 1485 1337 1570 Teius3
1357 1484 1488 1570 Cyprio·
1533 1538 1535 1543 .

172 1608 262 1649 rum:
298 1585 448 1651 Nicocles
476 1585 648 1650 Pasicratis
677 1583 797 1670 Solius,
829 1585 1021 1669 Nithaphon
1052 1583 1254 1670 Pnytagorae
1283 1582 1486 1649 Salaminius.

172 1684 314 1767 denique
337 1706 419 1748 unus
443 1684 539 1747 etiam
558 1683 657 1748 Persa
674 1684 867 1748 trierarchus
886 1684 960 1747 fuit:
989 1683 1115 1769 Bagoas
1134 1681 1351 1747 Pharnuchae.
1385 1683 1486 1766 ipsius

171 1781 351 1846 Alexandri
373 1803 488 1846 navem
512 1782 704 1868 gubernavit
727 1780 924 1846 Onesicritus
948 1781 1223 1865 Astypalaeensis3
1251 1782 1351 1845 totius
1376 1783 1486 1845 classis

171 1880 314 1944 scribam
338 1879 522 1966 Euagoram
545 1879 718 1944 Eucleonis
743 1878 945 1944 Corinthium
973 1880 1057 1944 fecit.
1100 1901 1138 1942 ac
1162 1879 1189 1942 si
1212 1877 1485 1962 Hephaestionem

172 1977 405 2061 Craterumque
429 1982 542 2062 postea
559 2000 626 2042 non
645 1978 731 2061 apud
750 1979 883 2042 classem
902 1979 1097 2061 reperiemus
1116 1977 1222 2060 duces,
1240 1999 1305 2040 non
1325 1978 1484 2040 miramur.

169 2099 250 2140 nam
277 2078 433 2140 honorem
461 2077 570 2160 potius
599 2098 696 2158 quam
725 2098 841 2140 munus
870 2079 1064 2158 acceperant.
1112 2097 1149 2139 ac
1176 2079 1327 2158 poterant
1355 2075 1485 2140 illorum

170 2177 246 2239 loeo
272 2175 326 2239 alii
349 2175 412 2239 hoc
436 2175 545 2239 officio
568 2175 669 2260 fungi.
717 2175 804 2258 quod
827 2175 954 2258 saepius
978 2174 1048 2237 aliis
1072 2174 1107 2236 in
1129 2174 1208 2236 locis
1232 2195 1293 2236 usu
1317 2173 1412 2237 venit.

286 2271 470 2337 Alexander
497 2273 608 2337 amicis
639 2273 822 2336 convocatis
854 2273 1032 2358 legatisque
1059 2270 1214 2335 Indorum
1247 2275 1327 2354 quot
1355 2271 1484 2354 quidem

170 2367 441 2456 advenerantffls’),
469 2370 589 2435 Porum
622 2369 731 2435 Indiae
759 2371 864 2435 adhuc
892 2371 1042 2436 subactae
1070 2370 1109 2433 ab
1133 2368 1286 2453 Hydaspa
1314 2369 1354 2432 ad
1381 2369 1483 2452 ripam
1564 2408 1574 2418 ,

263 2612 326 2678 286)
344 2609 476 2662 videntur
499 2609 586 2662 etiam
604 2607 711 2662 Taxilis
734 2609 823 2678 legati
842 2607 963 2662 affuisse.
1001 2624 1067 2661 nam
1087 2608 1122 2661 da
1139 2606 1237 2677 regulo
1256 2607 1318 2676 ipso
1337 2608 1414 2660 tacet
1431 2607 1482 2660 Ar-

168 2683 277 2748 rianus,
296 2683 329 2734 ut
346 2680 434 2735 falsus
453 2679 539 2734 fuerit
557 2680 661 2734 Lassen
679 2680 705 2733 H
723 2699 750 2750 p.
767 2685 817 2733 175
837 2680 973 2734 scribens:
995 2677 1065 2748 ‘hiet
1083 2680 1153 2750 ljettr
1167 2693 1193 2734 tt
1208 2677 1248 2734 bie
1262 2677 1363 2748 iltutgc
1377 2677 1484 2746 latitet

170 2754 226 2809 unt
245 2753 337 2822 ‘Itonia
363 2767 395 2824 ηιι
418 2751 462 2820 lidi
482 2751 645 2822 beldpicbtn’.
683 2767 774 2820 neque
793 2752 903 2805 cautius
922 2751 982 2820 egit
999 2751 1156 2821 Hertzberg
1173 2749 1199 2803 H
1217 2769 1244 2820 p.
1260 2755 1319 2802 297.
1357 2749 1484 2816 Droysen

169 2825 198 2878 11
216 2843 243 2894 p.
261 2830 311 2878 172
331 2823 415 2877 dixit:
449 2823 517 2879 Meus
536 2823 644 2892 {Stltlten
663 2823 771 2892 tapies
795 2824 881 2878 marte
905 2823 948 2878 ter
971 2821 1200 2893 usothtnptge
1218 2821 1295 2892 liclia
1314 2819 1394 2890 leina
1413 2822 1483 2876 alten

169 2897 226 2952 nub
249 2911 332 2951 neuen
351 2895 452 2953 Phchet
475 2895 618 2965 gualensi.
656 2911 752 2949 vereor
774 2896 807 2948 ut
827 2897 911 2949 recte.
948 2893 1098 2962 Philippus
1117 2893 1193 2946 enim
1212 2894 1296 2946 antea
1315 2891 1421 2946 Taxilis
1440 2909 1483 2946 sa-

169 2971 255 3038 trapa
278 2969 339 3022 crat
362 2967 407 3036 (cf.
423 2967 484 3018 Arr.
499 2966 531 3030 V,
548 2972 572 3032 8,
589 2969 622 3035 3).
661 2967 698 3019 ad
721 2967 840 3021 eundem
864 2965 951 3020 etiam
969 2965 1082 3018 Arriani
1105 2964 1191 3019 verba
1208 2964 1255 3031 VI,
1271 2969 1326 3030 2,3
1355 2959 1482 3035 Φιλίππῳ

171 3040 202 3093 et
227 3043 264 3110 τῷ
289 3037 418 3110 σατράπῃ
441 3045 491 3105 τῆς
514 3033 560 3092 ἐπ’
578 3038 671 3092 ἐκεῖνα
690 3046 740 3091 τοῦ
757 3034 849 3091 Ἰνδοῦ
870 3037 918 3108 [ὡς
937 3037 982 3090 ἐπί
1001 3033 1167 3106 Βακτρίους]
1188 3043 1239 3104 γῆς
1255 3035 1404 3089 referenda
1423 3052 1483 3090 essa

170 3111 263 3166 eiecta
281 3109 500 3178 interpolatione
519 3125 604 3178 supra
622 3109 718 3163 monui
733 3109 807 3177 (adn.
823 3111 899 3178 200),
918 3109 994 3162 idem
1009 3109 1044 3162 ab
1059 3108 1177 3161 Arriano
1192 3107 1250 3160 lud.
1268 3112 1309 3172 19,
1324 3112 1341 3158 4
1359 3107 1482 3176 regionis

171 3183 247 3236 circa
265 3181 430 3251 Hydaspem
457 3180 619 3234 inferiorem
646 3183 707 3233 tum
735 3180 780 3248 (in,
803 3197 865 3249 exp.
879 3179 923 3232 Al.
939 3180 985 3247 VI,
1002 3185 1074 3246 14,3
1094 3178 1157 3233 coll.
1173 3183 1215 3245 15,
1230 3180 1257 3246 2)
1280 3177 1430 3231 Mallorum
1454 3181 1483 3230 et

171 3252 382 3322 Oxydracarum
401 3255 516 3322 satrapa
534 3252 703 3306 nominatur.
741 3251 862 3319 denique
882 3269 945 3305 cum
963 3251 1129 3306 interfectus
1148 3250 1198 3317 sit,
1224 3249 1365 3303 Eudemus
1384 3249 1482 3318 (Thra-

170 3343 236 3379 cum
255 3342 319 3378 cnm
332 3323 408 3378 Phili
429 3341 466 3393 po
484 3323 647 3378 relictorum
665 3323 722 3376 dux
736 3323 771 3376 cf.
787 3321 861 3376 Curt.
877 3322 910 3391 II,
927 3329 950 3390 1,
966 3325 1010 3392 20)
1025 3325 1054 3377 et
1068 3321 1180 3376 Taxiles
1194 3321 1326 3375 iubentur
1340 3321 1482 3389 satrapiae

170 3396 298 3466 Philippi
322 3412 388 3450 cons
420 3412 478 3460 ere,
507 3395 575 3448 dum
597 3412 700 3448 novum
723 3394 882 3449 Alexander
905 3394 1099 3448 constituisset
1122 3395 1273 3462 satrapam.
1321 3394 1387 3446 ante
1409 3391 1481 3444 illud

169 3471 283 3537 tempus
312 3467 441 3521 subditus
469 3467 556 3520 fuisse
579 3465 690 3519 videtur
713 3465 846 3534 Philippo
869 3465 994 3531 Taxiles,
1023 3483 1106 3534 quem
1129 3465 1264 3518 Arrianus
1287 3481 1344 3517 non
1367 3461 1482 3533 βασιλέα

170 3538 312 3609 appellat,
331 3539 380 3592 sed
399 3535 535 3608 ὕπαρχον,
555 3537 667 3591 nomine
687 3537 745 3590 iam
763 3537 892 3591 indicans
911 3555 967 3592 non
987 3554 1047 3592 esse
1065 3537 1147 3590 illum
1165 3535 1323 3605 principem
1342 3535 1480 3601 αὐτοκρά-

169 3631 246 3678 τορα,
284 3628 309 3663 v.
324 3609 356 3674 V,
373 3615 397 3675 8,
413 3616 441 3662 2:
471 3605 588 3676 Ταξίλης
607 3607 621 3662 ὁ
641 3607 766 3678 ίίπαρχος
787 3615 837 3676 τῆς
859 3608 964 3670 πόλεως
987 3611 1016 3662 et
1034 3607 1068 3675 V,
1083 3613 1139 3672 8,5
1162 3603 1404 3676 πεντακισχιλίους
1425 3614 1481 3659 τῶν

168 3678 276 3747 Ἰνδῶν,
291 3680 340 3742 οὓς
356 3678 475 3748 Ταξίλης
488 3699 517 3734 τε
531 3681 580 3734 καὶ
595 3679 622 3733 οἱ
635 3679 721 3750 ταύτῃ
736 3679 859 3750 ὕπαρχοι
873 3674 949 3750 ἦγον.
979 3679 1090 3734 Taxiles
1104 3679 1192 3748 igitur
1207 3679 1275 3744 erat,
1291 3677 1314 3730 si
1329 3677 1480 3731 Arrianum

170 3753 327 3822 sequimur,
354 3751 468 3822 regulus
487 3769 542 3806 non
562 3751 652 3805 maior
671 3750 812 3820 dignitate
830 3753 862 3804 ut
881 3751 931 3804 alii
950 3751 1041 3821 reguli
1059 3750 1137 3804 illius
1155 3749 1279 3820 regionis
1298 3748 1373 3802 intra
1391 3748 1480 3802 Attok

170 3827 198 3878 et
225 3824 350 3892 lalalpur
373 3823 452 3877 sitae.
491 3821 615 3888 Cmtius,
645 3821 690 3875 cni
708 3821 820 3875 Taxiles
843 3838 891 3876 rex
915 3824 958 3876 est
978 3839 1032 3891 par
1051 3821 1192 3892 dignitate
1210 3820 1294 3886 Poro,
1323 3819 1480 3873 amicitiam

171 3895 265 3950 Taxili
288 3913 352 3949 cum
370 3894 441 3948 Poro
465 3911 516 3963 per
534 3893 704 3948 affinitatem
723 3893 863 3946 firmatam
882 3909 943 3948 esse
961 3893 1093 3958 tradidit3
1127 3893 1203 3960 quod
1221 3891 1312 3946 nescit
1330 3891 1477 3957 Arrianus3

168 3966 317 4037 probabile
334 3966 426 4020 visum
445 3968 488 4019 est
505 3965 689 4034 Hertabergio
703 3964 729 4017 Π
747 3983 774 4034 p.
790 3969 849 4017 297.
882 3981 926 4019 res
945 3981 996 4034 per
1015 3982 1044 4019 ee
1062 3963 1245 4029 incredibilis,
1266 3963 1290 4015 si
1309 3963 1480 4032 dignitatem

168 4039 332 4094 inferiorem
350 4037 485 4106 respicias
505 4037 620 4103 Taxilis,
639 4053 730 4104 neque
750 4035 875 4102 dubium,
895 4037 963 4106 quin
978 4037 1013 4090 ab
1029 4037 1128 4090 eodem
1142 4035 1208 4088 ficta
1223 4035 1268 4100 sit,
1288 4035 1336 4100 qui
1351 4033 1479 4088 Taxilem

167 4127 264 4181 regem
291 4126 426 4179 magnum
454 4125 514 4163 esse
540 4108 643 4175 voluit,
672 4107 721 4176 qui
748 4107 825 4162 idem
848 4107 1009 4178 Oxydraoas
1033 4110 1062 4162 et
1084 4106 1185 4160 Mallos
1213 4123 1264 4175 per
1292 4106 1365 4159 dena
1387 4105 1479 4159 millia

167 4181 332 4252 nuptiarum
360 4180 516 4234 amicitiam
543 4196 645 4233 novam
672 4180 796 4234 firmasse
825 4179 916 4249 (Diod.
931 4180 1016 4247 XVII,
1031 4185 1074 4246 98,
1090 4181 1115 4247 1)
1144 4178 1224 4232 dixit.
1262 4178 1386 4231 ceterum
1413 4179 1479 4245 post

167 4253 321 4308 Alexandri
339 4253 457 4306 mortem
476 4268 540 4305 cnm
555 4251 705 4320 Antipater
718 4251 817 4304 Asiam
835 4252 989 4320 partiretur
1008 4253 1077 4304 dnae
1091 4249 1189 4304 Indiae
1203 4251 1281 4302 trans
1295 4248 1395 4301 Indum
1409 4249 1479 4302 feeit

167 4325 308 4394 satrapias
323 4324 357 4377 cf.
369 4323 492 4378 Succese.
504 4323 581 4377 Alex.
597 4339 619 4376 e.
632 4327 678 4375 36:
697 4319 748 4390 τὴν
763 4322 813 4391 μὲν
826 4323 905 4391 παρὰ
918 4323 968 4378 τὸν
979 4321 1072 4378 Ἰνδὸν
1085 4321 1214 4390 ποταμὸν
1228 4321 1277 4374 καὶ
1292 4319 1410 4373 Πάταλα
1427 4363 1431 4372 .
1449 4363 1453 4372 .
1471 4363 1475 4372 .

167 4397 258 4463 Πάρον
277 4399 315 4468 τῷ
330 4396 438 4466 βασιλεῖ
455 4395 618 4464 ἐπεχείρησε,
636 4393 687 4462 την
707 4393 737 4446 δὲ
756 4393 834 4460 παρὰ
848 4394 898 4449 τὸν
909 4392 1050 4464 Ὑδάσπην
1064 4393 1191 4462 ποταμὸν
1209 4388 1310 4463 Ταξίλῃ
1326 4392 1374 4445 καί
1388 4391 1476 4462 τούτῳ

168 4471 238 4538 Ινὸῷ
254 4467 314 4522 ἐπεὶ
327 4466 397 4536 μηδὲ
412 4463 513 4540 ῥηίδιον
527 4471 709 4533 μετακινῆσαι
723 4465 827 4526 αὐτοὺς
841 4464 873 4529 ἐξ
886 4463 1108 4534 Ἀλεξάνδρου
1121 4483 1151 4518 τε
1166 4460 1477 4532 ἐπιτετραμμένονς

166 4537 226 4606 τὴν
246 4537 353 4609 ἀρχὴν
372 4538 421 4590 καί
440 4537 561 4605 δύναμιν
581 4535 682 4604 ἱκανὴν
702 4535 823 4598 doetus.
861 4538 914 4590 hoc
934 4553 1045 4606 quoque
1063 4537 1124 4590 loco
1144 4535 1255 4590 Taxiles
1274 4552 1330 4588 non
1349 4535 1477 4605 βασιλεὺς

167 4609 340 4679 appellatur,
359 4608 452 4663 elucet
470 4610 565 4662 autem
580 4607 648 4660 hinc
667 4607 695 4660 et
709 4555 835 4660 laxilem
854 4610 883 4662 et
896 4608 999 4662 Porum
1012 4609 1070 4662 iam
1084 4607 1242 4662 Alexandro
1256 4607 1319 4660 vivo
1334 4605 1476 4674 principes

167 4680 254 4735 fuisse
263 4681 357 4734 insuis
364 4680 527 4750 regionibus
538 4677 756 4746 αὐτοκράτορας,
765 4677 1476 4746 poetAlexandrimortemaMacedonibussatrapas

167 4752 288 4808 fortasse
306 4753 474 4806 nominatos.
504 4753 627 4807 ceterum
646 4750 681 4803 de
695 4749 846 4804 Perdiccae
860 4751 1014 4820 partitione
1028 4751 1140 4820 imperii
1155 4750 1189 4804 cf.
1204 4749 1286 4803 Diod.
1302 4747 1399 4812 XVIII,
1415 4754 1439 4814 3,
1450 4755 1474 4802 4.
