3496 5308
848 321 1064 386 „22-

304 479 511 568 missurus.⁶¹)
559 481 678 567 quibus
700 479 794 545 facile
817 477 1000 545 Alexander
1021 477 1223 565 Nysaeorum
1247 479 1403 546 concessit
1428 480 1626 548 libertatem

305 583 405 663 utque
433 579 499 644 suis
526 579 655 667 legibus
682 582 858 644 uterentur.
905 577 1081 644 constituta
1108 583 1216 644 autem
1244 583 1313 644 erat
1340 601 1393 644 res
1420 578 1551 664 publica
1575 601 1624 645 ex

306 676 533 763 optimatibus,
565 699 702 762 quorum
734 675 870 742 trecenti
902 675 1178 742 administrabant.
1223 676 1330 762 ipsum
1360 675 1523 762 Acuphim
1556 700 1623 743 rex

304 774 449 860 Nysaeus
476 774 601 862 regioni
630 773 786 860 praefecit
813 778 1036 860 trecentosque
1065 773 1189 859 equites
1217 773 1257 838 ad
1285 796 1319 838 se
1347 773 1434 840 mitti
1461 774 1557 841 iussit
1581 779 1623 841 et

306 871 398 957 quasi
422 871 552 938 obsides
574 872 678 938 filium
700 871 844 957 Aouphis
868 875 900 937 et
921 876 1073 958 nepotem
1096 894 1137 936 ex
1163 872 1239 938 filia

397 969 591 1056 Priusquam
610 992 649 1035 ex
663 969 800 1054 Nysaeis
819 969 983 1054 profectus
996 973 1046 1035 ast
1061 969 1095 1034 in
1109 973 1251 1036 montem
1266 970 1409 1036 ascendit
1422 970 1622 1058 Alexander,

303 1068 416 1134 Meron
434 1067 637 1134 nominatum
656 1089 675 1132 a
693 1067 931 1154 Macedonibus,
950 1069 1041 1134 euius
1059 1067 1094 1133 in
1112 1067 1217 1133 radice
1236 1068 1314 1133 urbs
1326 1068 1361 1134 N
1361 1091 1531 1153 ysaeorum
1549 1071 1621 1136 sita

304 1169 386 1251 erat,
418 1166 453 1231 in
480 1165 643 1231 cacumine
671 1165 787 1232 hedera
808 1165 963 1250 lauroque
986 1165 1105 1230 referto
1130 1165 1208 1232 deus
1230 1165 1285 1230 ille
1309 1166 1488 1252 colebatur,
1517 1191 1619 1253 quem

304 1263 486 1348 Dionysum
499 1263 668 1349 putabant.
695 1263 746 1329 eui
761 1263 951 1329 sacrificavit
963 1262 1145 1328 Alexander
1159 1263 1289 1350 diesque
1304 1263 1405 1330 festos
1420 1265 1488 1352 egit
1502 1266 1619 1331 eodem

304 1361 399 1428 modo
432 1383 496 1446 quo
527 1360 613 1426 domi
641 1361 796 1426 celebrari
824 1359 1060 1448 assolebant.⁶¹)
1111 1361 1176 1426 iam
1204 1361 1244 1426 ad
1271 1361 1437 1449 regionem
1465 1365 1618 1449 pervenit

305 1480 506 1545 progressus,
528 1481 609 1543 quae
627 1457 813 1546 Datame)
833 1459 1070 1544 appellabatur,
1093 1459 1184 1525 cuius
1201 1459 1343 1548 regionis
1362 1461 1460 1526 urbes
1478 1483 1550 1528 cum
1570 1463 1615 1527 ab

305 1556 420 1622 incolis
442 1556 587 1622 desertae
611 1561 720 1622 essent
742 1556 777 1621 in
795 1561 921 1622 montes
940 1557 1029 1622 avios
1048 1556 1259 1644 fugientibus,
1280 1557 1418 1624 Acadira
1436 1558 1616 1648 transiitV)

308 1653 462 1719 celeriter.
503 1677 604 1740 aeque
632 1659 706 1720 urta
733 1677 770 1720 ac
793 1655 948 1720 destituta
970 1654 1114 1720 hostium
1137 1655 1215 1742 fuga
1238 1678 1311 1721 oum
1331 1657 1499 1744 reperiret,
1526 1680 1619 1724 exer·

308 1751 408 1816 citum
437 1753 577 1818 dividere
605 1753 726 1837 coepit,
758 1752 906 1838 pluribus
934 1753 1031 1818 simul
1057 1753 1138 1818 loeis
1160 1753 1270 1819 hostes
1292 1777 1514 1842 aggressurus:
1544 1756 1617 1841 ipse

306 1873 405 1916 unam
427 1855 554 1935 partem
574 1850 666 1916 duxit
685 1851 826 1916 militum
844 1851 897 1916 ria
915 1855 951 1917 ut
969 1851 1096 1918 videtur
1113 1851 1373 1918 meridionaliore
1391 1855 1618 1938 maximasque

309 1948 396 2033 oepit
421 1948 529 2033 urbes,
552 1949 590 2013 de
613 1948 791 2034 improviso
815 1949 965 2014 hostibus
989 1951 1153 2035 oppressis
1177 1950 1387 2036 domitisque3
1410 1951 1502 2016 alteri
1520 1952 1619 2038 parti,
1736 2021 1737 2040 ,

309 2067 392 2131 quae
419 2046 472 2110 ria
498 2069 577 2112 usus
600 2050 649 2112 est
672 2047 985 2134 septentrionaliore,
1015 2048 1171 2134 praefecit
1193 2048 1414 2114 Ptolemaeum
1437 2050 1472 2114 L.
1495 2051 1526 2136 f,
1548 2072 1619 2116 non
1736 2041 1737 2064 ¹

305 2145 412 2209 minus
430 2144 558 2209 felicem
575 2145 611 2209 in
629 2144 778 2230 plurimis
797 2145 935 2210 urbibus
955 2143 1193 2234 subigendis.⁶⁶)
1233 2145 1351 2211 iunctis
1371 2146 1483 2212 deinde
1502 2147 1617 2236 copiie,

306 2264 343 2307 eo
370 2241 456 2327 loco,
485 2242 543 2306 ubi
566 2242 661 2307 hodie
684 2241 806 2310 Abazai
830 2242 985 2328 oppidum
1008 2244 1169 2310 munitum
1195 2247 1313 2330 exstat,
1341 2243 1616 2333 (6666666166)-

396 2438 441 2506 61)
458 2435 529 2490 haec
552 2435 610 2489 iam
633 2451 666 2490 ex
685 2435 803 2490 Arriano
823 2435 910 2491 affero
932 2436 966 2504 V,
988 2443 1031 2508 2,2
1053 2454 1107 2506 sq.;
1129 2455 1197 2492 nam
1214 2437 1273 2492 veri
1292 2437 1501 2506 aliquantulum
1527 2439 1616 2494 etiam

305 2507 334 2560 in
353 2505 430 2560 illius
449 2506 557 2561 nuntiis
574 2507 665 2562 inesse
685 2506 802 2562 ridetur.
840 2507 911 2561 illud
939 2524 1007 2563 sane
1034 2512 1131 2579 aperte
1154 2510 1264 2577 fictum,
1287 2509 1427 2580 Aouphim
1449 2514 1616 2580 ceterosque

305 2578 414 2648 legatos
434 2595 497 2632 cum
520 2577 550 2631 in
572 2577 726 2632 Alexandri
748 2579 933 2634 tabernaculo
956 2579 1048 2650 ipsum
1071 2583 1229 2650 comerent,
1253 2579 1337 2635 armis
1360 2581 1533 2651 praeditum,
1556 2599 1616 2638 non

305 2649 461 2717 homiuem,
490 2649 539 2703 sed
567 2650 650 2703 deum
675 2650 858 2706 Macedonem
880 2651 1021 2707 habuisse.
1067 2653 1133 2706 ficta
1160 2651 1247 2706 etiam
1275 2652 1394 2707 historia
1422 2654 1456 2707 de
1483 2653 1615 2724 Nysaeis,

306 2719 445 2790 originem
469 2719 592 2774 divinam
633 2721 819 2778 rofitentibus.
860 2725 956 2777 tamen
979 2723 1014 2776 de
1038 2722 1190 2778 saltatione
1213 2722 1264 2778 illa
1286 2723 1351 2778 vide
1374 2740 1446 2792 quae
1474 2724 1616 2780 Schuffert

306 2811 332 2863 p.
355 2798 386 2846 12
407 2810 447 2861 sq.
485 2791 583 2846 attulit
622 2795 740 2863 egente
758 2793 876 2849 Kosmos
896 2797 925 2848 et
944 2793 1110 2861 Siah-Posh;
1138 2811 1309 2863 quamquam
1331 2795 1407 2850 idem
1429 2813 1529 2866 parum
1548 2795 1614 2850 dili-

307 2865 407 2934 genter
426 2863 460 2917 de
478 2862 541 2917 loco
559 2862 637 2918 urbis
656 2863 803 2933 quaesivit.

395 2935 438 3004 62)
463 2933 573 2990 Curtius
597 2934 674 3004 VIII,
699 2941 788 3004 10,17:
817 2936 927 2991 ‘decem
945 2935 1017 2991 dies'
1037 2955 1105 2991 uum
1123 2953 1187 2992 vere
1205 2937 1372 2993 tradiderit?
1414 2938 1517 2994 addere
1536 2939 1615 3008 licet,

306 3005 474 3060 Macedones
492 3005 561 3060 illuc
579 3006 722 3061 venientes
740 3010 821 3062 tanto
840 3008 991 3078 prehensos
1010 3007 1099 3062 videri
1117 3007 1226 3078 patriae
1241 3007 1388 3078 desiderio,
1408 3013 1440 3064 ut
1453 3010 1615 3066 Alexander

305 3076 369 3131 illos
388 3076 536 3148 indulgere
554 3077 584 3132 in
602 3077 665 3133 loco
684 3079 834 3134 nonnullos
854 3079 914 3133 dies
927 3078 981 3133 tali
995 3079 1082 3133 animi
1097 3079 1214 3134 affectui
1226 3079 1327 3135 melius
1342 3096 1403 3135 esse
1417 3099 1502 3150 quam
1516 3081 1614 3137 statim

305 3164 467 3220 progressos
482 3148 608 3204 dolentes
623 3149 705 3218 quasi
718 3167 775 3204 non
789 3149 858 3205 satis
874 3151 979 3204 alacres
994 3167 1055 3204 esse
1069 3151 1106 3205 ad
1119 3169 1158 3220 pu
1198 3142 1303 3205 andum
1323 3151 1449 3221 potuerib
1470 3153 1612 3210 arbitrari.

397 3221 442 3289 63)
461 3220 496 3274 de
523 3221 577 3275 hac
604 3220 719 3292 regione
747 3221 823 3276 solus
851 3220 962 3276 Curtius
990 3221 1102 3276 rettulit
1128 3222 1166 3276 Vl
1199 3266 1205 3291 ,
1235 3228 1320 3292 10‚19.
1361 3223 1489 3278 Justinus
1512 3225 1572 3294 XII,
1596 3231 1612 3279 7

195 3311 198 3318 ·
305 3290 452 3346 Daedalus
464 3294 573 3346 montes
592 3291 677 3348 novit.
714 3310 771 3346 non
791 3310 889 3347 caussa
913 3296 956 3347 est
979 3311 1028 3348 cur
1046 3293 1142 3348 Curtio
1162 3294 1336 3364 diffidamus,
1360 3295 1526 3366 praesertim
1549 3314 1613 3351 cum

304 3379 335 3417 re
358 3379 424 3418 vera
446 3363 639 3435 progredIenti
667 3381 684 3418 a
706 3363 879 3418 Danischkol
906 3365 974 3418 urbe
1003 3365 1046 3419 vel
1072 3365 1133 3420 vico
1161 3365 1191 3419 in
1213 3365 1361 3420 meridiem
1387 3371 1497 3422 montes
1515 3368 1612 3423 innare

304 3433 371 3504 iugo
391 3434 543 3506 superandi
561 3438 627 3488 sunt
645 3434 719 3504 (vide
734 3435 878 3505 chartam).
916 3435 984 3504 illic,
1002 3436 1029 3491 h.
1045 3453 1067 3491 6.
1089 3436 1160 3492 citra
1174 3437 1330 3507 Choaspem
1345 3437 1443 3508 Curtii,
1457 3438 1614 3494 Daedalam

304 3505 448 3576 regionem
470 3506 524 3575 (vel
546 3509 683 3575 montem,
706 3507 825 3561 fortasse
852 3506 938 3561 etiam
960 3507 1069 3577 urbem)
1097 3525 1215 3578 quaero,
1242 3525 1275 3564 ac
1298 3525 1354 3563 non
1377 3513 1453 3564 recte
1476 3509 1612 3566 iudicavit

304 3576 502 3646 Cunningham
519 3578 540 3646 Ι,
565 3583 611 3646 66,
639 3578 689 3646 qui
713 3580 837 3632 montem
862 3577 947 3632 hodie
970 3579 1114 3634 Dantalolr
1136 3580 1180 3634 vel
1204 3580 1287 3651 (Pali)
1310 3580 1446 3636 Dattalok
1473 3584 1610 3650 vocatum,

306 3647 446 3729 situmque
471 3651 556 3703 trans
584 3649 869 3731 Laudi-,Choaspem
901 3650 996 3733 paullo
1027 3668 1111 3721 supra
1138 3650 1256 3705 Baaaria
1283 3651 1375 3706 vicum
1403 3653 1525 3735 eundem
1551 3670 1611 3708 esse

304 3720 1611 3866 aba,tiqutuattutuuttu{ludatattametttuuttutttu

308 3863 433 3916 ceterum
451 3877 523 3929 quae
541 3879 594 3916 vox
612 3862 708 3918 iudica
725 3862 812 3918 fuerit
831 3851 980 3922 ‘daedala‘
994 3865 1142 3920 nescimus.

395 3936 439 4003 64)
457 3933 579 3988 Acadira
603 3935 670 3988 urbs
694 3934 739 3990 vel
760 3933 855 4004 potius
878 3935 956 4007 regio
980 3935 1031 3990 ubi
1058 3935 1114 3991 sita
1136 3935 1223 3992 fuerit
1245 3936 1338 3992 adhuc
1361 3938 1497 4006 nescitum
1525 3955 1611 4010 prope

305 4003 408 4058 vallam
435 4002 539 4059 Guraei
566 4005 644 4060 fluvii
671 4005 809 4076 reperItur
832 4009 918 4076 utque
940 4009 1010 4076 puto
1034 4007 1108 4062 circa
1132 4006 1208 4062 vicos
1230 4008 1357 4064 Adallror
1380 4013 1409 4064 et
1431 4010 1520 4080 Dara,
1547 4010 1611 4065 vide

305 4075 433 4131 chartam
448 4074 575 4146 Kieperti
595 4093 615 4131 s.
631 4077 649 4132 l.
686 4077 775 4149 (Dhyr
794 4080 889 4132 autem
906 4077 979 4132 illud
997 4096 1054 4134 non
1073 4081 1141 4146 erat,
1160 4097 1331 4148 quamquam
1350 4081 1439 4137 altera
1457 4099 1522 4152 pars
1536 4081 1610 4136 vocis

305 4146 427 4217 Acadira
444 4145 521 4202 idem
540 4149 594 4216 est,
614 4165 686 4217 quae
704 4165 770 4218 pars
789 4151 881 4203 exstat
900 4149 986 4204 etiam
1004 4149 1035 4204 in
1052 4149 1165 4205 nomine
1188 4151 1266 4206 urbis
1291 4153 1326 4207 ab
1350 4153 1469 4208 Arriano
1493 4170 1611 4210 comma-

304 4221 430 4273 moratae
448 4218 555 4288 Dyrtae
574 4219 631 4288 (IV,
651 4222 708 4288 30),
727 4237 812 4288 quam
831 4219 971 4276 Schuffert
989 4238 1052 4275 cum
1069 4221 1239 4276 nostratium
1257 4224 1336 4293 Dhyr
1354 4225 1472 4278 eandem
1491 4224 1612 4280 credidit

304 4306 404 4359 parum
429 4289 599 4360 diligenter).
642 4291 788 4345 confirmat
810 4292 992 4360 sententiam,
1016 4294 1092 4361 quod
1111 4296 1241 4364 superato
1264 4294 1332 4366 iugo
1355 4296 1451 4350 Inaare
1476 4295 1611 4350 dividitur

304 4360 364 4429 via,
389 4360 480 4414 altera
503 4361 762 4430 septentrionalior,
785 4361 1280 4437 Adalkor-Mamakor·Sadarganat
1303 4366 1430 4436 (Abazai)
1455 4370 1609 4436 conectens,

305 4431 397 4486 altera
414 4430 637 4503 meridionalior,
655 4449 705 4503 per
723 4433 1077 4490 Dara-Schenkar-Matta
1095 4435 1125 4490 iu
1144 4437 1242 4492 urbem
1257 4438 1448 4508 Sadargarnat
1466 4440 1609 4494 reducens.

304 4519 425 4628 qqqrum
442 4502 536 4628 qairiqre
554 4503 758 4630 Ptqleqrraeum,
776 4505 931 4576 posteriore
949 4506 1140 4562 Alexandrum
1163 4525 1244 4564 usum
1264 4525 1323 4564 esse
1343 4525 1377 4563 ex
1396 4507 1485 4564 Curtii
1504 4509 1609 4564 nuntiis

317 4591 333 4630 o
363 4590 424 4630 asse
466 4590 497 4628 oe
530 4591 628 4630 concu
649 4592 702 4632 ere.

396 4646 440 4715 66)
459 4645 494 4701 cf.
514 4645 589 4702 Curt.
608 4647 679 4717 VIII,
700 4653 786 4718 1020.

395 4717 727 4791 mmmmm.
