3506 5306
692 331 911 394 -91-

147 510 248 574 mirus
271 510 325 573 ille
349 509 540 600 describitur
563 511 715 594 populus:
739 511 839 593 pelles
859 511 888 573 ei
907 514 997 574 erant
1015 533 1074 594 pro
1094 512 1247 594 vestibus,
1271 514 1378 576 clavae
1397 535 1454 596 pro

146 608 253 672 armis.
299 607 396 672 etiam
420 608 525 672 bubus
549 611 582 671 et
604 609 700 671 mulis
726 606 1217 695 111111111111111111111111)
1256 611 1392 674 maiores
1416 609 1456 673 ad

145 703 318 770 Herculem
342 727 444 788 usque
467 710 574 769 ortum
597 705 760 770 rettulisse
783 711 999 771 narraverunt.
1031 707 1191 771 nescimus
1215 730 1293 770 num
1318 730 1399 790 quae
1418 709 1456 772 de

145 803 212 867 illis
239 804 386 868 feruntur
413 805 521 868 omnia
549 807 694 868 auctores
722 804 883 868 finxerint.
930 806 1040 868 eadem
1067 826 1117 868 res
1146 807 1194 868 est
1223 805 1261 868 de
1284 805 1335 868 his
1360 811 1455 888 atque

146 923 243 984 supra
275 902 313 966 de
340 900 490 986 Nysaeis:
523 901 760 985 aliquantulum
793 906 878 966 certe
909 903 1032 967 nuntiis
1065 902 1131 966 veri
1163 903 1255 967 inest.
1302 905 1456 967 memoria
1494 931 1496 936 ·

144 1004 365 1082 permanserat
388 1000 436 1063 1111
460 1001 549 1085 genti
573 1001 658 1085 regis
681 1000 779 1083 prisci
804 1001 859 1082 qui
888 1001 1037 1065 similiter
1059 1005 1096 1063 ut
1123 1005 1193 1063 tum
1217 999 1399 1066 Alexander
1421 1003 1456 1064 in

144 1095 270 1162 Indiam
303 1098 421 1162 invasit
453 1099 507 1162 hic
538 1099 606 1162 illic
637 1099 821 1180 relinquens
854 1099 972 1163 milites
1002 1100 1133 1162 colonos
1161 1103 1263 1163 terrae
1296 1099 1454 1163 subactae.

144 1195 273 1260 refectis
302 1196 415 1260 deinde
442 1197 577 1261 navibus
604 1196 789 1262 Nearchum
818 1196 857 1260 ad
880 1196 1052 1260 Mallorum
1079 1197 1160 1261 fines
1188 1197 1282 1261 iussit
1304 1198 1455 1283 navigare

143 1294 214 1377 ipse
237 1294 271 1358 in
295 1294 447 1359 barbaros
471 1299 579 1359 movet
602 1295 658 1378 qui
682 1317 715 1358 se
738 1316 805 1358 non
828 1294 979 1359 dederant
1001 1295 1192 1358 habitabant
1215 1300 1252 1359 ut
1274 1296 1399 1360 videtur
1422 1297 1456 1359 in

143 1393 256 1455 dextra
278 1393 350 1476 ripa
372 1391 519 1456 Acesinis
544 1393 627 1457 circa
649 1391 814 1457 Nuwalrut
836 1394 957 1457 urbem.
999 1415 1074 1456 nam
1097 1390 1301 1456 10111111
1324 1394 1456 1458 aberant

143 1513 164 1554 a
195 1491 336 1554 flumine.
388 1495 490 1555 totam
527 1492 692 1577 regionem
729 1491 866 1556 vastavit
902 1489 1097 1574 Alexander,
1134 1491 1247 1555 urbem
1286 1493 1456 1576 capitalem

144 1609 264 1652 corona
297 1586 445 1676 cepit.⁸⁰³)
492 1589 556 1653 iarn
589 1590 629 1652 ad
661 1591 795 1654 classem
827 1612 973 1655 reversus
1006 1589 1078 1653 aliis
1115 1590 1273 1653 exercitus
1309 1591 1456 1674 partibus

140 1687 288 1750 nondum
312 1687 471 1772 aggressis
497 1708 569 1750 curn
598 1687 722 1752 audiret
744 1710 801 1752 rex
828 1693 916 1753 trans
939 1687 1111 1752 Acesinem
1134 1686 1455 1776 Agalassensium304)

252 1901 315 1968 302)
334 1915 358 1950 v.
375 1897 503 1952 Curtium
516 1897 620 1964 ΙΧ,4,3.
640 1898 750 1952 Α11111.
769 1898 829 1951 Ind.
845 1898 927 1964 V‚12.
949 1897 1039 1952 Strab.
1055 1899 1106 1952 XV
1115 1917 1141 1968 p.
1154 1904 1213 1953 688.
1233 1898 1314 1952 Diod.
1325 1899 1403 1952 XVII
1413 1905 1455 1954 96.

204 1989 209 2001 ·
251 1967 841 2039 30111111111111101111111,4,4.
870 1971 900 2022 11
919 1970 1081 2024 narratione
1095 1971 1213 2024 conexui
1227 1971 1341 2025 nuntios
1357 1971 1455 2040 Curtii,

140 2041 266 2110 Arriani,
286 2040 411 2094 Diodori.

252 2115 315 2182 304)
342 2129 445 2166 nomen
473 2112 566 2180 gentis
594 2112 647 2166 hoc
676 2113 796 2166 servavit
819 2112 959 2166 Diodorus
977 2112 1116 2179 xmae,
1144 2113 1272 2166 Indicum
1295 2115 1455 2184 ignoratum

141 2183 213 2251 quid
232 2183 394 2238 faciendum
414 2184 452 2236 sit
469 2183 571 2238 Iustini
586 2183 655 2253 (XII,
671 2187 697 2254 9)
711 2184 896 2238 Hiacensanis
913 2184 1010 2238 statim
1023 2185 1189 2238 videbimus.
1220 2184 1334 2238 Orosius
1348 2185 1452 2240 Hister.

131 2255 189 2323 -ΠΙ,
206 2259 239 2308 19
255 2255 394 2309 (11111111
410 2255 572 2324 appellavit.
602 2257 726 2309 ceterum
740 2256 770 2309 in
784 2257 848 2325 ripa
861 2256 989 2309 Acesiuis
1008 2256 1124 2309 sinistra
1138 2256 1311 2310 habitavisse
1324 2256 1456 2310 videntur

140 2326 346 2396 Agalasseuses
370 2327 414 2379 illi
434 2326 478 2396 (cf.
499 2327 604 2380 Lassen
622 2327 648 2380 H
666 2345 692 2396 p.
715 2333 773 2381 177.
798 2327 954 2397 Hertzberg
966 2327 1000 2394 ΙΙ,
1022 2329 1092 2397 303).
1131 2344 1187 2380 non
1206 2327 1302 2381 obstat
1320 2329 1455 2382 Arrianus

140 2397 189 2466 vl,
205 2403 258 2466 5,4,
277 2399 326 2466 qui
346 2414 413 2452 sane
432 2399 542 2452 dixerat
561 2398 597 2451 ad
616 2399 709 2468 ripam
728 2399 855 2452 dextram
874 2399 964 2468 primo
983 2415 1069 2452 naves
1088 2399 1232 2468 appulisse
1250 2399 1455 2467 Alexandrum

141 2469 193 2522 sed
217 2487 281 2522 cum
304 2486 338 2523 ex
361 2469 452 2523 verbis
476 2469 549 2523 eius:
579 2470 663 2532 αὐτὸς
690 2469 722 2524 (11
744 2479 800 2524 τῶν
828 2470 978 2542 βαρβάρων
1006 2479 1070 2525 τῶν
1099 2471 1136 2524 οὐ
1162 2471 1455 2542 προσχωρούντων

140 2541 325 2610 καταδρομὴν
344 2547 393 2609 τῆς
411 2543 503 2612 χώρας
521 2540 711 2610 ποιησάμενος
730 2544 875 2610 appareat,
895 2542 966 2595 alios
985 2541 1027 2594 ibi
1046 2557 1075 2595 se
1095 2542 1247 2596 subiecisse
1267 2542 1358 2610 (Sibas
1377 2543 1454 2596 vide-

139 2612 210 2666 licet
228 2612 364 2682 Diodori),
384 2629 503 2680 cumque
523 2612 630 2666 adiciat
652 2614 702 2666 καὶ
724 2613 849 2676 κωλύσας
872 2613 1057 2681 ἐπικουρῆσαι
1077 2614 1180 2676 αὐτοὺς
1198 2621 1257 2676 τοῖς
1274 2613 1402 2678 Meteon
1421 2647 1454 2654 —

140 2685 291 2738 subvenire
306 2686 401 2737 autem
416 2701 472 2738 non
486 2683 558 2737 bene
572 2687 712 2752 poterant,
727 2685 782 2738 nisi
797 2685 827 2737 in
842 2685 956 2738 sinistra
970 2685 1098 2738 Acesinis
1113 2685 1139 2737 fl.
1154 2687 1217 2754 ripa
1231 2685 1402 2739 habitabant
1412 2719 1454 2752 —‚

141 2772 177 2808 ex
195 2755 315 2808 Arriano
335 2755 465 2808 concludi
483 2755 560 2823 licet,
580 2758 630 2808 aut
648 2757 813 2825 priusquam
832 2756 992 2810 Nearchum
1012 2773 1075 2810 cum
1094 2756 1183 2810 classe
1197 2757 1384 2825 praemiserit,
1404 2761 1455 2810 aut

141 2826 230 2896 (quod
248 2827 319 2884 mihi
339 2827 444 2880 collato
463 2825 559 2881 Curtio
578 2827 672 2896 potius
691 2827 812 2897 uidetur)
832 2828 869 2881 ad
887 2829 1073 2897 praemissum
1088 2827 1249 2882 Nearchum
1263 2827 1455 2882 Alexandrum
1521 2877 1523 2882 .

141 2914 284 2951 reversum
302 2899 396 2967 ipsum
414 2898 533 2951 navibus
552 2899 700 2952 Acesinem
719 2899 768 2952 inf.
788 2901 979 2953 111111111111
998 2915 1065 2952 esse.
1096 2898 1207 2953 Curtius
1226 2902 1323 2954 narrat
1336 2900 1382 2967 IX,
1398 2906 1453 2968 4111

143 2969 203 3022 ‘XL
221 2969 351 3038 pediturn
370 2969 451 3023 milia
470 2986 538 3039 gens
558 2970 708 3040 (1111111
727 2973 813 3039 atque
832 2973 926 3041 antea)
941 2971 971 3023 in
989 2971 1052 3040 ripa
1071 2969 1253 3024 fluminum
1273 2974 1454 3041 opposuerat3

142 3057 215 3109 quae
235 3057 331 3094 amne
351 3044 513 3110 superato
533 3041 563 3094 in
582 3042 680 3112 fugam
700 3042 856 3111 compulit’
895 3043 931 3096 de
948 3043 1034 3096 tertia
1052 3042 1121 3096 urbe
1140 3042 1199 3096 tale
1218 3043 1287 3110 quid
1305 3043 1395 3096 tradit
1407 3043 1454 3110 IX,

141 3118 198 3178 4‚8:
230 3113 291 3166 ‘arx
318 3115 379 3166 erat
407 3113 505 3182 oppidi
533 3112 655 3180 intacta,
683 3113 712 3166 in
736 3129 793 3182 qua
815 3114 989 3183 praesidium
1013 3113 1177 3182 dereliquit,
1204 3114 1278 3183 ipse
1302 3115 1454 3184 navigiis

141 3185 393 3238 circumvectus
422 3201 539 3238 arcem.
578 3185 684 3254 quippe
710 3185 766 3238 1111
794 3185 910 3239 flumina
931 3229 935 3238 .
957 3229 962 3240 .
985 3229 989 3238 .
1009 3186 1184 3239 munimento
1208 3186 1280 3239 arcis
1308 3186 1456 3256 applicant

140 3255 241 3309 undas.
280 3272 297 3308 a
321 3255 511 3325 septentrione
538 3256 623 3309 Indus
653 3256 748 3322 alluit,
772 3272 789 3308 a
812 3257 930 3311 meridie
949 3257 1082 3310 Acesines
1105 3257 1235 3326 Hydaspi
1260 3257 1453 3312 confunditur'

140 3327 194 3396 (111
213 3327 294 3396 cod).
328 3328 363 3381 de
381 3327 543 3380 fluminibus
561 3327 630 3381 Indo
650 3328 769 3381 Acesine
787 3328 923 3397 Hydaspe
942 3345 1009 3382 sane
1028 3330 1102 3382 errat
1121 3331 1219 3382 auctor
1238 3329 1339 3395 Curtii3
1359 3332 1454 3382 tamen

139 3399 200 3452 veri
218 3401 331 3452 tantum
350 3400 441 3452 inesse
459 3399 571 3452 videtur
593 3399 623 3451 in
643 3399 833 3467 1111111111,
859 3403 892 3453 ut
911 3416 960 3453 arx
982 3399 1034 3454 illa
1056 3401 1131 3454 inter
1154 3401 1209 3454 duo
1228 3400 1358 3467 flumina,
1382 3417 1454 3468 quae

140 3471 216 3524 infra
236 3486 299 3524 eam
318 3473 427 3537 coeunt,
448 3470 503 3524 sita
521 3469 607 3524 fuerit
626 3473 655 3524 11
668 3470 828 3525 Alexander
843 3471 905 3540 ipse
920 3489 983 3525 cum
998 3471 1088 3525 classe
1103 3471 1157 3541 (111
1171 3474 1253 3540 parte
1268 3472 1376 3542 classis)
1392 3488 1453 3526 eam

141 3543 345 3595 circumvectus
369 3542 413 3595 sit.
451 3543 509 3595 iarn
533 3543 557 3594 si
577 3541 698 3596 Shorkot
717 3542 771 3611 (vel
791 3542 872 3612 Shur)
891 3543 989 3596 urbem
1009 3545 1038 3596 et
1056 3559 1146 3597 arcem
1168 3543 1247 3596 illam
1266 3543 1453 3612 1111111111-

139 3613 243 3679 bimus,
263 3613 319 3666 sita
337 3616 399 3667 erat
416 3612 490 3667 11111
509 3613 564 3666 duo
583 3613 700 3667 flumina
718 3617 805 3682 atque
823 3615 932 3668 radices
951 3614 1029 3667 illius
1048 3615 1152 3668 montis
1167 3615 1224 3667 dici
1238 3617 1370 3683 poterant
1384 3615 1453 3668 allui

141 3685 253 3741 duabus
272 3701 289 3737 1
307 3685 449 3753 partibus,
473 3684 546 3738 alter
567 3685 668 3739 fluvius
692 3688 753 3739 erat
771 3685 904 3740 Acesines
923 3685 1068 3754 (Hydaspe
1087 3688 1220 3754 recepto),
1240 3686 1361 3739 alterum
1381 3685 1453 3740 Cun-

140 3756 279 3826 ningham
298 3756 351 3824 (ch.
367 3756 415 3826 Vl)
429 3755 513 3824 Ayak
531 3758 666 3810 nominat.
704 3759 800 3810 monet
818 3757 872 3810 hoc
890 3773 993 3810 nomen
1012 3757 1131 3810 fortasse
1151 3757 1186 3810 de
1204 3757 1453 3828 Agalassensibus

139 3828 267 3894 Diodori,
287 3827 406 3882 fortasse
420 3829 508 3882 etiam
521 3828 622 3882 Iustini
636 3828 808 3882 Hiacensani
823 3827 888 3897 (nisi
902 3829 991 3881 mavis
1005 3829 1186 3898 Aiacensani)
1201 3829 1300 3882 eodem
1313 3829 1454 3884 referendi

141 3902 214 3954 sunt.
253 3899 347 3953 influit
364 3899 447 3966 Ayak
465 3901 496 3953 in
514 3899 662 3954 Acesinem
679 3900 776 3968 paullo
795 3899 870 3952 infra
890 3898 1011 3953 Shorlxot
1033 3899 1132 3952 urbem
1151 3902 1180 3954 et
1198 3901 1323 3969 spatium
1341 3904 1454 3955 tantum

141 3974 184 4026 est
202 3972 236 4023 ut
253 3971 329 4024 infra
347 3970 469 4025 Shorkot
486 3989 573 4024 unum
591 3971 636 4026 vel
655 3971 710 4024 duo
730 3971 836 4041 oppida
854 3971 964 4024 minora
984 3972 1040 4024 sita
1058 3971 1145 4026 luisse
1164 3975 1280 4040 possent
1296 3973 1370 4026 inter
1383 3975 1453 4027 Ace-

140 4044 233 4097 sinem
261 4045 290 4096 et
316 4042 399 4112 Ayak
422 4042 467 4112 (cf.
493 4041 566 4096 Curt.
589 4043 783 4110 ‘inclusosque
811 4042 989 4096 moenibus
1018 4045 1169 4113 expugnat.
1208 4044 1327 4098 alteram
1351 4044 1453 4098 deinde

139 4115 240 4168 urbem
255 4115 319 4168 111)
349 4113 430 4168 Diod.
447 4112 645 4184 συμφυγόντας
664 4114 766 4178 εἰςτὰς
784 4111 903 4184 πλησίον
922 4112 1034 4184 πόλεις).
1063 4131 1146 4184 porro
1161 4114 1273 4169 Curtius
1288 4115 1453 4184 priusquam

141 4202 254 4240 amnem
273 4186 447 4254 superaverit
461 4188 504 4254 (11
517 4185 718 4255 Agalassenses
737 4186 947 4256 aggrederetur)
963 4185 1027 4239 CCL
1047 4186 1141 4240 stadia
1155 4203 1172 4240 a
1188 4187 1324 4240 Soborurn
1337 4187 1453 4256 regione

141 4257 303 4312 excessisse
330 4256 521 4310 Alexandrum
548 4260 653 4311 narrat.
692 4258 716 4310 si
740 4257 827 4311 Sobos
856 4257 915 4310 eius
940 4257 1014 4312 circa
1038 4257 1193 4312 Tschubrai
1218 4259 1255 4312 ad
1280 4258 1451 4313 confluentes

140 4329 291 4383 Acesinem
306 4331 334 4382 et
348 4329 512 4398 Hydaspem
527 4329 686 4383 consedisse
701 4329 845 4394 sumimus,
861 4327 926 4382 CCL
941 4329 1035 4383 stadia
1050 4346 1177 4399 egressus
1192 4330 1351 4384 Alexander
1364 4347 1453 4399 prope

140 4401 239 4455 urbem
267 4399 411 4454 Nuwalxut
439 4403 506 4454 erat.
544 4401 658 4469 regione
685 4399 737 4453 illa
760 4403 871 4454 vastata
899 4403 928 4454 et
956 4402 1051 4470 capite
1079 4401 1138 4454 eius
1162 4418 1265 4456 corona
1288 4403 1371 4471 capto
1395 4402 1453 4455 iam

140 4489 267 4528 reversus
286 4471 436 4526 Acesinem
459 4472 534 4525 circa
552 4473 651 4525 urbern
669 4471 968 4525 Pir-Abdul-Rahman
991 4473 1160 4527 nostratium
1184 4473 1314 4542 attigisse
1332 4473 1452 4539 videtur,

141 4544 191 4600 ubi
215 4559 230 4597 e
252 4543 367 4613 regione
396 4542 537 4597 contraria
559 4542 643 4610 Ayak
665 4543 724 4596 fere
747 4542 841 4595 influit
868 4543 898 4595 in
916 4543 1072 4597 Acesinem.
1110 4544 1151 4597 ibi
1175 4560 1286 4598 amnem
1304 4545 1453 4598 Acesinem

142 4615 288 4683 superavit
310 4631 358 4668 rex
383 4617 468 4682 atque
492 4614 566 4667 inter
589 4614 644 4667 duo
667 4613 784 4667 flumina
803 4613 856 4682 ((11
874 4614 937 4682 ripa
959 4614 1117 4668 fluminum’
1139 4615 1225 4685 Gurt.)
1251 4616 1452 4686 ‘quadraginta

142 4685 232 4740 milia’
248 4685 299 4740 illa
314 4686 452 4740 collocata
466 4685 597 4755 repperit.
626 4686 684 4738 iarn
698 4686 803 4754 oppido
818 4687 901 4754 capto
917 4685 1036 4740 alteram
1049 4687 1148 4741 urbem
1165 4687 1287 4740 Shorkot
1304 4704 1452 4756 aggressus

142 4761 185 4811 est
209 4774 326 4827 eamque
347 4760 460 4827 captam
478 4757 606 4810 munivit.
645 4755 1452 4848 111011111111111(111111111111111111111.11.1)1111
1498 4814 1518 4848 ο.
1533 4812 1554 4846 ⁰,
