3496 5308
868 334 1089 398 ,13-

329 496 443 561 urbem
465 495 579 580 movit,
607 515 671 578 quo
694 492 907 578 Aspasiorum
930 492 1115 579 hyparchus
1138 496 1324 578 recesserat3
1353 514 1449 577 quem
1472 491 1647 556 debellare

330 595 483 679 oportuit,
504 593 568 658 nisi
591 591 695 658 hostis
719 592 918 676 periculosus
942 594 975 658 in
998 596 1091 678 tergo
1115 589 1310 656 remanebat.
1356 591 1402 656 ita
1423 612 1540 677 magno
1563 611 1647 654 con-

331 692 417 757 fecto
450 691 564 756 itinere
597 690 698 754 altero
731 690 783 754 die
814 689 855 754 ad
886 691 999 756 urbem
1026 690 1127 774 venit,
1160 711 1257 774 quam
1287 687 1341 752 ille
1369 685 1645 774 occupaverasw)

330 789 460 854 barbari
479 811 552 854 oum
571 810 680 874 regem
699 788 958 872 appropinquare
972 788 1199 874 cognovissent
1218 787 1298 852 urbe
1316 787 1446 852 incensa
1460 785 1495 850 in
1508 789 1646 850 montes

329 891 541 952 excesserunt.
584 907 665 971 quos
688 884 721 950 in
745 886 823 972 fuga
840 885 1031 952 Macedones
1049 885 1189 950 assecuti
1207 906 1326 971 magna
1343 884 1519 950 affecerunt
1538 882 1644 948 clade.

326 984 530 1070 hyparchum
563 985 670 1068 ipsum
702 982 907 1048 Ptolemaeus
937 982 1019 1070 Lagi
1050 983 1072 1046 f.
1104 983 1231 1048 necavit
1262 982 1391 1048 fortiter
1426 985 1644 1068 pugnantem.

327 1082 418 1148 cuius
446 1104 545 1166 super
572 1102 706 1165 corpore
734 1103 805 1146 acre
831 1081 953 1146 facturn
981 1084 1031 1146 est
1058 1080 1229 1166 proelium:
1257 1079 1344 1164 quod
1370 1080 1425 1146 vix
1452 1079 1645 1144 Alexander

327 1179 397 1264 ipss
434 1202 508 1244 cum
545 1178 708 1263 peditibus
745 1178 800 1264 qui
836 1201 876 1244 ex
908 1179 999 1264 equis
1032 1177 1261 1244 descenderant
1295 1177 1481 1244 Ptolemaeo
1513 1176 1643 1241 auxilio

327 1277 460 1342 veniens
477 1277 569 1342 finire
589 1280 706 1361 posset.
745 1275 887 1342 traiectis
906 1276 1019 1341 deinde
1035 1275 1202 1340 montibus
1216 1275 1397 1340 Alexander
1410 1271 1641 1363 Arigaeum⁶⁰)

327 1375 443 1440 urbem
474 1375 637 1440 incensam
667 1375 708 1438 ab
741 1374 855 1439 incolis
885 1373 1031 1459 repperit
1063 1395 1100 1438 ac
1132 1373 1297 1439 desertam.
1348 1395 1429 1458 quac
1456 1372 1534 1437 urbs
1561 1393 1642 1437 cum

328 1476 512 1557 opportuno
535 1472 606 1538 loco
630 1469 693 1536 sita
715 1471 885 1552 videretur,
910 1469 1043 1537 Cratero
1068 1471 1124 1557 qui
1147 1493 1184 1536 eo
1209 1493 1281 1536 cum
1305 1471 1447 1536 exercitu
1471 1493 1510 1536 ex
1529 1469 1643 1536 Anda-

328 1591 478 1635 cenorum
507 1576 540 1636 et
566 1571 647 1635 urbe
671 1570 822 1634 rest‘tuta
845 1574 878 1634 et
899 1569 1031 1656 regione
1054 1568 1193 1634 finitima
1215 1573 1330 1654 pacata
1352 1569 1537 1656 advenerat,
1566 1592 1641 1633 mu-

326 1668 443 1733 nienda
470 1669 641 1734 commissa
668 1672 724 1733 est
771 1669 827 1752 qui
856 1690 895 1732 ex
923 1667 1084 1732 militibus
1111 1667 1198 1733 bello
1221 1668 1354 1733 inutiles
1377 1668 1499 1752 recepit
1521 1671 1554 1732 et
1578 1667 1640 1752 qui

331 1914 438 1985 optimo
453 1915 548 1970 codice
563 1914 735 1985 reliquisque
750 1915 852 1970 exstet:
872 1915 909 1978 ὡς
923 1909 967 1970 tal
988 1914 1037 1970 τὸν
1055 1914 1181 1986 ποταμὸν
1199 1915 1249 1970 τὸν
1268 1915 1346 1979 Εὔας
1363 1915 1475 1978 πόλεως.
1503 1915 1639 1984 quisnam

328 1986 431 2040 fluvius
449 1986 574 2057 Enaspla
592 1986 679 2041 fuerit
696 1986 843 2041 nescimus.
879 1986 994 2058 plurimi
1019 1985 1086 2041 inde
1105 2002 1122 2039 a
1140 1985 1200 2042 Car.
1224 1986 1334 2041 Ritterc
1352 1986 1532 2042 librariorum
1549 1986 1597 2040 cul
1619 2003 1639 2040 a

328 2059 513 2128 depravatum
531 2057 761 2113 existimaverunt
778 2075 812 2112 ex
830 2058 957 2128 Choaspe
974 2058 1019 2112 vel
1033 2057 1142 2112 Suastc.
1180 2061 1338 2112 correctura
1352 2074 1418 2112 sane
1431 2074 1488 2112 non
1501 2057 1543 2112 ita
1557 2056 1587 2110 di
1624 2090 1637 2098 -

328 2129 393 2184 cilis
418 2132 469 2184 est.
511 2129 560 2183 sed
573 2132 616 2184 ut
643 2129 701 2184 alia
728 2129 869 2184 omittam:
897 2132 973 2183 recte
1001 2128 1025 2182 si
1047 2129 1101 2184 hoo
1143 2128 1229 2184 riores
1257 2129 1348 2183 critici
1375 2129 1572 2197 coniecissent,
1606 2132 1637 2183 et

328 2201 470 2271 Choaspes
489 2200 538 2254 ille
557 2217 591 2255 ex
609 2201 733 2271 Euaspla
751 2201 959 2270 redintegratus
978 2199 1053 2254 idem
1072 2200 1097 2254 si
1114 2148 1215 2255 liiisset
1238 2203 1322 2268 atque
1341 2200 1458 2254 Khunar
1480 2199 1564 2254 hodie
1586 2217 1636 2254 vo-

328 2276 409 2327 catus
428 2272 527 2341 amnis,
547 2304 580 2312 —
599 2289 665 2327 nam
683 2288 773 2342 paene
792 2288 887 2326 omnes
906 2272 1062 2340 Choaspem
1085 2273 1114 2326 et
1138 2271 1241 2327 Choem
1264 2273 1383 2326 eundem
1409 2270 1539 2326 arbitrati
1558 2274 1636 2340 sunt,
1739 2277 1740 2280 ’

328 2344 378 2398 sed
405 2343 484 2412 vide,
511 2361 584 2412 quae
611 2344 686 2398 infra
713 2344 748 2399 de
776 2343 902 2414 Choaspe
930 2343 1061 2411 dixerim,
1084 2375 1118 2383 —
1142 2342 1258 2397 ubinam
1285 2343 1388 2397 dicitur
1415 2342 1529 2396 fluvium
1551 2341 1636 2395 illum

328 2416 479 2470 traiectum
498 2432 559 2469 esse
578 2416 614 2470 ab
633 2415 809 2470 Alexandro?
845 2413 959 2484 scripsit
972 2413 1108 2468 Arrianus
1127 2415 1168 2478 ὡς
1182 2410 1237 2468 ἐπὶ
1251 2415 1300 2468 τὸν
1314 2414 1441 2485 ποταμὸν
1454 2415 1503 2469 τὸν
1518 2413 1635 2486 (Εὐάν-

325 2487 405 2569 π1α>
423 2489 623 2557 προύχώρει.
665 2487 780 2540 fluvium
803 2488 897 2540 tamen
922 2502 986 2540 eum
1009 2485 1058 2555 qui
1080 2485 1165 2540 bodie
1187 2485 1305 2539 Khunar
1327 2487 1382 2553 est,
1406 2485 1475 2539 satis
1497 2502 1635 2555 magnum

325 2558 472 2614 traiecit
494 2575 555 2626 rex,
579 2575 670 2626 neque
693 2558 717 2612 si
740 2557 864 2627 Euespla
886 2557 930 2612 vel
957 2556 1112 2627 Choaspem
1138 2555 1220 2611 victis
1248 2572 1335 2627 prope
1361 2555 1397 2610 ad
1422 2572 1486 2610 eum
1504 2554 1635 2611 hostibus

327 2629 486 2685 Alexander
504 2629 713 2696 transmisisset,
732 2628 866 2683 Arrianus
885 2627 1033 2697 tacuisset;
1052 2643 1138 2696 quare
1152 2627 1263 2684 Lassen.
1279 2627 1312 2696 11,
1329 2633 1379 2682 lae
1395 2627 1498 2681 codicis
1513 2628 1636 2682 servavit

327 2701 494 2784 scripturam
513 2703 598 2770 atque
617 2699 740 2770 Euespla
759 2716 823 2755 eum
842 2716 902 2754 esse
921 2699 1010 2754 voluit
1027 2699 1150 2768 fiuvium,
1169 2699 1219 2767 qui
1237 2699 1273 2753 ab
1293 2697 1400 2753 oriente
1418 2701 1498 2768 parte
1516 2697 1634 2752 veniens

326 2789 356 2826 se
379 2771 500 2826 inmittit
522 2771 551 2825 in
574 2771 692 2825 Khunar
714 2787 832 2826 amnem.
875 2771 925 2824 sed
948 2770 1053 2842 optime
1076 2785 1165 2840 nuper
1186 2769 1285 2823 Lenius
1308 2788 1334 2840 p.
1360 2775 1394 2823 80
1413 2787 1453 2838 sq.
1478 2769 1634 2837 contendit,

325 2845 375 2898 τὸν
393 2843 520 2913 ποταμὸν
539 2843 587 2897 τὸν
606 2842 652 2896 vix
669 2843 795 2912 potuisse
813 2842 867 2896 hoo
885 2842 947 2897 loco
966 2842 1002 2897 ab
1021 2841 1140 2896 Arriano
1160 2840 1298 2910 adhiberi,
1316 2858 1380 2894 cum
1398 2839 1526 2911 ignotum
1541 2840 1634 2895 adhuc

327 2913 428 2968 fuisset
452 2913 568 2981 flumem
591 2913 648 2968 iam
671 2917 785 2984 propter
807 2913 955 2982 sequentia
984 2915 1103 2982 ἀφίκετο
1126 2912 1195 2981 πρὸς
1222 2911 1274 2981 τὴν
1303 2913 1385 2967 πόλιν
1416 2915 1501 2966 antea
1530 2928 1633 2966 nomen

326 2985 403 3038 urbis
423 2984 516 3039 afferri
535 2984 678 3051 debuisse3
698 2985 801 3039 addere
819 2987 931 3054 poterat
949 2984 1059 3053 Leuius,
1086 2986 1132 3038 ἵνα
1150 3001 1207 3038 non
1225 2983 1298 3038 bene
1316 2999 1397 3054 posse
1420 2983 1518 3038 referri
1541 2983 1577 3037 ad
1595 2984 1633 3046 ὡς

326 3051 382 3112 ἐπί.
420 3055 547 3110 omnibus
566 3055 649 3110 rebus
667 3056 812 3126 perpensis
831 3055 962 3124 equidem
984 3072 1041 3109 non
1064 3055 1135 3110 eicio
1159 3072 1223 3109 oum
1245 3053 1327 3108 Leaio
1350 3055 1398 3110 τὸν
1422 3054 1548 3124 ποταμὸν
1572 3053 1631 3122 τὸν,

326 3127 376 3182 sed
396 3143 459 3181 curn
475 3130 575 3198 postea
593 3125 735 3181 Curaeum
754 3127 790 3182 ab
810 3127 969 3181 Alexandro
988 3127 1181 3180 transmissum
1200 3143 1261 3182 esse
1280 3125 1414 3180 Arrianus
1437 3126 1544 3195 tradat,
1568 3143 1630 3179 eum

325 3199 356 3252 in
380 3199 486 3269 optimo
510 3199 606 3253 codice
629 3198 801 3267 reliquisque
824 3197 954 3252 omnibus
976 3201 1088 3267 praeter
1109 3216 1197 3251 unum
1219 3197 1332 3268 legatur
1349 3196 1398 3252 τὸν
1422 3198 1499 3259 Εὔας
1517 3196 1627 3262 πόλεως,

326 3269 382 3324 fuit
404 3287 467 3324 cum
489 3270 575 3324 verba
599 3273 730 3340 corrupta
752 3269 794 3323 ita
818 3269 993 3323 emendanda
1017 3285 1077 3323 esse
1095 3272 1237 3339 putarem:
1257 3270 1293 3332 ὡς
1312 3264 1358 3323 ἐπὶ
1376 3269 1425 3323 τὸν
1444 3267 1625 3342 (Γουραῖον)

326 3343 453 3412 ποταμὸν
477 3337 505 3403 ἐς
524 3341 645 3396 Eteonos
663 3341 754 3396 πόλιν.
801 3340 847 3411 (de
865 3339 978 3395 nomine
996 3339 1132 3410 Euaspa
1151 3340 1185 3394 cf.
1200 3339 1342 3410 Zariaspa,
1369 3339 1438 3406 alia;
1457 3339 1626 3410 significaret

326 3413 425 3467 urbem
434 3411 652 3482 Aspasiorum).
672 3412 721 3466 sed
732 3429 795 3466 cum
805 3412 865 3466 Arr.
874 3411 933 3481 VII,
942 3417 984 3480 6,3
992 3415 1104 3481 praeter
1110 3411 1283 3481 Bactrianos,
1294 3410 1458 3481 Sogdianos,
1466 3411 1628 3478 Arachotos,

325 3483 475 3554 Zarangos,
482 3482 571 3552 Arios,
581 3483 754 3552 Parthyaeos
762 3484 810 3538 aul
819 3479 850 3538 ἐκ
858 3486 973 3553 Περσῶν
981 3482 1047 3554 (nisi
1053 3482 1141 3537 mavis
1150 3485 1400 3552 Παραπαμισαδῶν
1413 3481 1448 3536 cf.
1458 3483 1519 3536 Arr.
1525 3481 1558 3552 V,
1570 3487 1628 3550 11,3

325 3559 355 3609 et
365 3555 412 3623 VI,
425 3561 468 3623 2,3
482 3556 609 3627 Φιλίππῳ
623 3555 655 3609 δὲ
669 3561 707 3628 τῷ
721 3553 849 3626 σατράπῃ
868 3563 917 3624 τῆς
933 3551 979 3610 ἐπ’
1001 3551 1095 3610 ἐκεῖνον
1113 3562 1163 3608 τοῦ
1175 3553 1266 3608 Ἰνδοῦ
1281 3555 1318 3616 ὡς
1336 3549 1383 3608 ἐπὶ
1398 3556 1553 3622 Βακτρίους
1571 3561 1628 3622 γῆς,

326 3626 360 3683 cf.
369 3625 403 3694 V,
415 3631 483 3694 11,3.
494 3624 541 3694 VI,
552 3631 611 3695 15,a
624 3625 695 3680 Plin.
708 3625 755 3695 VI,
770 3630 817 3681 78:
831 3625 960 3696 plerique
974 3626 1010 3680 ab
1025 3625 1169 3680 occidente
1182 3641 1239 3679 non
1252 3625 1322 3680 Indo
1337 3641 1418 3679 amne
1433 3623 1628 3692 determinant,

325 3698 375 3751 sed
403 3696 533 3752 adiciunt
559 3699 694 3766 quattuor
720 3697 870 3767 satrapiae:
899 3697 1049 3766 Gedrosos‚
1075 3696 1243 3763 Arachotos,
1272 3695 1367 3766 Arios,
1399 3695 1628 3766 Paropanisidas,

325 3767 426 3822 ultimo
444 3769 499 3822 fine
518 3767 641 3838 Cophete
659 3768 812 3839 fluvio...)
832 3767 861 3824 oi
878 3768 989 3823 Εὐάκαι
1012 3767 1179 3837 καλούμενοι
1203 3766 1295 3828 ἱππεῖς
1317 3765 1567 3838 καταλοχισθέντες
1590 3767 1628 3829 εἰς

325 3839 377 3908 τὴν
397 3843 483 3894 ἵππον
502 3840 553 3908 τὴν
573 3835 715 3909 ἑταιρικὴν
734 3843 996 3909 commemorentur,
1016 3857 1080 3894 cum
1098 3854 1131 3892 ex
1150 3841 1225 3893 terra
1247 3838 1321 3892 inter
1339 3837 1456 3893 Khunar
1479 3841 1508 3892 et
1530 3838 1628 3892 Indum

326 3911 382 3965 sita
400 3909 527 3980 Nysaeos
545 3910 608 3964 illos
627 3911 735 3980 equites
754 3914 894 3967 trecentos
913 3911 1072 3966 Alexander
1090 3923 1184 3964 secum
1208 3909 1238 3962 in
1256 3908 1366 3963 Indiam
1384 3909 1496 3963 dnmsse
1514 3909 1627 3978 feratur,

324 3985 422 4064 postea
440 3981 570 4036 remissos
589 3981 632 4053 (V,
652 3989 702 4052 2,4.
721 3983 768 4052 VI,
788 3985 841 4052 2,3)
868 3998 986 4052 cumque
1005 3982 1069 4036 illas
1088 3981 1216 4051 regiones
1240 3982 1315 4034 intra
1337 3981 1455 4036 Khunar
1477 3983 1506 4034 et
1529 3981 1627 4034 Indum

326 4071 384 4108 ram
398 4052 554 4122 antiquitus
567 4051 658 4107 Persis
673 4052 801 4108 subditas
815 4053 901 4107 fuisse
916 4053 984 4107 satis
1000 4055 1117 4121 constet,
1132 4052 1206 4123 (vide
1220 4051 1307 4106 etiam
1316 4051 1429 4106 Arriani
1438 4051 1503 4106 hist
1514 4052 1573 4106 Ind.
1586 4058 1627 4118 1,3

325 4123 457 4194 Περσέων
471 4123 575 4191 ἥκονον
590 4123 632 4196 [οἱ
641 4124 799 4194 Ἀστακηνοὶ
818 4125 866 4179 καὶ
881 4123 1053 4194 Ἀσσακηνοὶ,
1074 4126 1158 4177 antea
1176 4121 1267 4178 Medis
1290 4123 1507 4194 oboedientes]),
1531 4123 1627 4176 urbem

326 4195 571 4264 equitumillorum
580 4195 680 4250 Εὔακα
694 4194 780 4250 fuisse
795 4198 824 4250 et
837 4195 890 4250 hoc
903 4212 1006 4250 nomen
1019 4197 1114 4252 nostro
1128 4194 1190 4249 loco
1204 4193 1409 4250 restituendum
1426 4209 1485 4248 esse
1500 4193 1627 4249 arbitror.

326 4268 360 4321 de
383 4266 504 4322 nominis
523 4267 613 4321 forma
632 4265 695 4321 vide
714 4265 785 4320 alias
803 4265 834 4320 in
852 4265 909 4319 illis
928 4265 1090 4336 regionibus
1112 4266 1209 4336 urbes,
1232 4266 1309 4321 velut
1332 4265 1464 4336 Andaka,
1488 4265 1625 4320 Massaka.

325 4337 389 4409 lego
407 4338 508 4410 igitur:
528 4339 564 4402 ὡς
583 4335 629 4394 ἐπὶ
646 4338 695 4393 τὸν
715 4341 857 4406 Γουραῖον
874 4340 1001 4408 ποταμὸν
1020 4334 1048 4400 ἐς
1067 4338 1167 4392 Edeta
1186 4337 1275 4393 πόλιν.

413 4429 458 4498 49)
476 4427 543 4482 vide
561 4428 622 4481 Arr.
640 4427 687 4497 IV,
706 4432 780 4497 24,1:
801 4444 857 4496 qua
875 4426 920 4481 via
938 4443 1100 4497 progressus
1120 4426 1158 4481 sit
1175 4444 1224 4481 rex
1243 4430 1275 4482 ut
1293 4427 1364 4482 scias
1383 4425 1447 4481 vide
1465 4427 1528 4481 adn.
1548 4434 1590 4482 46.

414 4519 458 4588 50)
476 4534 534 4572 non
552 4517 650 4571 eadem
668 4519 711 4571 est
729 4517 796 4570 urbs
810 4531 882 4584 quae
896 4515 971 4585 apud
986 4515 1113 4570 Curtium
1126 4515 1247 4571 Acadira
1265 4515 1439 4585 nominatur;
1458 4533 1626 4586 quamquam

324 4591 408 4660 putat
427 4589 513 4644 etiam
531 4586 629 4641 Lenius
647 4605 673 4658 p.
694 4593 735 4642 82.
774 4587 873 4656 quidni
887 4587 980 4657 plures
995 4587 1078 4642 urbes
1092 4587 1280 4643 inflammatas
1293 4587 1462 4655 relictaeque
1477 4588 1513 4642 ab
1526 4587 1626 4642 incolis

325 4660 484 4715 Alexander
501 4658 596 4729 potuit
613 4659 751 4728 reperire?
784 4661 907 4713 ceterum
926 4659 961 4713 de
980 4659 1057 4714 urbis
1077 4658 1133 4714 situ
1151 4659 1247 4714 videas
1269 4675 1343 4727 quae
1363 4675 1447 4728 supra
1461 4658 1625 4730 scripserim,

325 4735 354 4790 et
371 4730 445 4790 infra
463 4732 498 4786 de
516 4730 642 4802 Choaspe
660 4747 749 4787 amne.
