3506 5306
708 313 927 390 495..

158 507 300 572 fluentes
311 505 480 572 Acesinem
492 511 524 572 01
533 506 721 592 Hydaspem
732 529 841 571 amnes
851 502 1095 593 procederet²⁹¹)
1106 508 1308 591 populosque
1318 507 1352 570 in
1361 507 1475 572 itinere

158 628 244 689 quos
278 605 460 670 habitantes
493 607 647 690 reperiret
674 605 886 670 Macedonum
914 605 1067 689 potestati
1096 605 1261 670 subiceret.
1309 603 1475 669 Craterum

158 704 276 797 deiude
287 709 320 768 et
329 703 603 788 Hephaestionem
614 709 718 768 castra
727 725 856 768 movere
865 703 958 768 iussit
969 706 1088 767 certam
1099 703 1143 767 010
1154 725 1282 786 quoque
1292 703 1377 768 viam
1386 725 1475 786 0000-

158 803 313 867 scribens.
347 803 416 886 ipse
439 824 497 886 per
515 801 702 886 Hydaspem
725 802 889 887 navigavit
907 823 1066 884 nusquam
1085 802 1149 866 iam
1169 802 1274 865 minus
1293 799 1354 864 XX
1373 800 1476 864 stadia

156 897 330 987 latum.²⁹⁸)
364 904 460 984 atque
479 900 613 965 subinde
631 923 728 964 naves
750 901 914 984 appellens
933 904 1036 964 terrae
1055 897 1151 963 Indos
1171 900 1295 963 accolas
1315 899 1475 963 deditione

156 999 282 1082 partim
314 1000 450 1083 recepit,
482 1000 600 1082 partim
634 999 839 1063 defendentes
870 1021 904 1064 00
936 999 968 1062 vi
1001 1020 1164 1062 armorum
1194 997 1325 1062 domuit.
1372 1019 1475 1082 neque

156 1102 272 1161 tamen
305 1119 415 1162 omnes
449 1097 488 1162 ad
520 1098 624 1181 ripam
657 1098 838 1162 habitantes
866 1097 1005 1180 populos
1033 1097 1205 1160 debellavit
1233 1100 1287 1160 aut
1315 1095 1476 1160 deditione

156 1196 286 1278 recepit
310 1217 383 1260 cum
407 1197 441 1260 in
459 1195 575 1260 Mallos
595 1194 842 1280 Oxydracasque
861 1217 978 1282 magna
998 1195 1158 1259 celeritate
1177 1199 1372 1278 properaret,
1395 1216 1475 1277 quos

158 1293 323 1357 maximos
343 1298 374 1358 et
392 1294 654 1358 bellicosissimos
673 1293 826 1358 Indorum
845 1295 934 1358 illam
957 1294 1121 1378 regionem
1140 1293 1319 1357 tenentium
1338 1293 1475 1376 populos

157 1414 234 1456 esse
262 1391 383 1456 dudum
407 1392 580 1457 audiverat.
625 1397 695 1456 tum
719 1397 826 1457 autem
849 1393 1032 1456 nuntiatum
1056 1396 1124 1455 erat
1148 1393 1296 1455 statuisse
1320 1413 1374 1455 eos
1397 1412 1476 1476 pug-

155 1513 240 1553 nam
264 1512 337 1554 eum
361 1489 546 1555 Alexandro
570 1492 658 1556 inire.
705 1491 833 1574 iamque
856 1490 974 1554 liberos
994 1490 1033 1553 ab
1057 1490 1097 1554 iis
1121 1493 1152 1554 et
1174 1489 1310 1553 feminas
1335 1489 1476 1566 100011-

155 1587 225 1651 bus
250 1588 473 1653 munitissimis
497 1592 639 1654 servatos
664 1611 745 1654 esse:
769 1610 867 1672 quare
892 1589 1031 1652 maxima
1055 1587 1216 1652 celeritate
1243 1587 1418 1672 navigavit,
1441 1591 1478 1650 ut

157 1687 350 1750 conveniret
382 1687 491 1770 potius
524 1709 578 1752 eos
611 1688 732 1752 bellum
764 1687 939 1772 gerendum
966 1689 1116 1770 parantes
1141 1708 1237 1768 quam
1268 1685 1308 1750 ad
1335 1707 1478 1770 pugnam

158 1784 367 1850 constitutos.
419 1806 457 1849 00
489 1786 577 1850 venit
610 1809 628 1849 a
661 1783 806 1868 Sopithis
842 1786 931 1870 regia
963 1786 1076 1867 quinto
1115 1784 1166 1848 die
1204 1783 1244 1847 ad
1281 1783 1478 1848 confluentes

157 1881 353 1967 Hydaspem
378 1887 410 1947 01
433 1883 612 1948 Acesinem.
646 1884 701 1966 qui
724 1883 781 1947 ubi
805 1883 1051 1947 committuntur
1075 1905 1158 1946 unus
1177 1883 1294 1946 fluvius
1314 1883 1479 1966 angustior

157 1981 206 2045 fit
231 2001 405 2064 cursusque
428 1983 496 2046 eius
520 1985 691 2066 propterea
713 1980 856 2064 rapidior
879 1985 927 2044 001
951 2003 1048 2064 quam
1072 1985 1173 2045 antea.
1220 1981 1365 2044 turbines
1386 1980 1477 2062 aquis

38 2094 44 2106 '
158 2079 375 2145 refluentibus
399 2081 529 2145 effectos
554 2103 622 2145 esse
646 2081 792 2165 ingentes
815 2083 923 2143 narrat
942 2077 1072 2143 Arriani
1095 2083 1213 2143 auctor.
1248 2100 1346 2161 aquas
1367 2099 1476 2142 omnes

159 2177 339 2243 fluctuasse
370 2182 552 2244 aestuantes
583 2183 615 2242 et
647 2178 846 2261 strepitasse,
873 2180 910 2241 ut
937 2178 1052 2261 procul
1080 2172 1306 2262 audiretur.²⁹⁹)
1357 2175 1479 2240 incolas

256 2329 318 2397 297)
337 2289 381 2381 110
397 2327 533 2380 Αο010000
555 2326 643 2381 refert
660 2325 747 2392 711,
763 2332 786 2379 1.
823 2325 883 2380 Ind.
902 2331 943 2393 19,
958 2331 975 2378 4
995 2324 1052 2394 ἅμα
1072 2332 1174 2406 στρατῇ
1193 2327 1280 2394 πολλῇ
1300 2340 1364 2377 eum
1383 2322 1480 2376 dimis-

163 2417 229 2452 sum
243 2401 420 2453 0000000001.
450 2398 553 2453 01100.
568 2403 641 2468 pte
656 2398 755 2452 01102.
783 2397 895 2452 videtur
908 2397 1058 2466 Philippus
1072 2412 1216 2466 propriam
1229 2395 1371 2466 legionem
1385 2411 1480 2448 secum

163 2468 293 2542 duxisset,
311 2472 459 2538 praeterea
477 2469 587 2539 equites
606 2487 662 2524 non
680 2469 783 2524 multos
803 2471 832 2522 et
847 2468 947 2523 leviter
962 2471 1084 2522 armatos
1098 2467 1256 2533 nonnullos,
1276 2467 1306 2520 in
1319 2465 1480 2520 universum

163 2543 276 2610 septem
294 2541 339 2594 vel
358 2543 420 2595 octo
439 2541 498 2595 fere
517 2540 597 2595 milia
615 2541 738 2594 militum
770 2540 905 2594 11011111.
924 2545 965 2606 19,
981 2546 996 2594 t
1015 2539 1146 2593 tradidit:
1166 2537 1220 2608 ἤδη
1239 2537 1292 2608 γὰρ
1306 2539 1355 2591 καὶ
1370 2539 1480 2591 δώδεκα
1582 2580 1584 2583 ι

164 2611 301 2682 mesoides
329 2614 405 2686 αὐτῷ
433 2609 501 2682 (242.)
530 2612 671 2682 μάχιμοι
699 2610 819 2666 εἵποντο.
858 2629 976 2680 quorum
1000 2611 1024 2664 01
1048 2611 1177 2666 desumus
1197 2612 1306 2679 septem
1324 2609 1383 2663 fere
1401 2609 1481 2662 milia

165 2701 238 2754 quos
252 2683 402 2754 Philippus
417 2683 524 2738 Taxilis
543 2684 670 2750 adduxit,
690 2701 772 2754 porro
791 2685 916 2754 trigenta
931 2699 979 2736 sex
993 2681 1073 2736 milia
1087 2682 1354 2752 supplementorum,
1373 2682 1482 2735 restant

165 2756 351 2826 septuaginta
374 2758 482 2826 septem
500 2756 580 2809 milia
599 2755 729 2810 militum.
768 2772 853 2825 supra
871 2755 993 2809 vidimus
1011 2754 1202 2808 Alexandrum
1221 2770 1285 2806 cum
1303 2751 1426 2822 primum
1445 2753 1481 2804 ad

158 2827 333 2910 ‘Hydaspem
351 2827 483 2894 venisset,
503 2827 648 2898 octoginta
667 2828 722 2881 duo
741 2827 800 2881 fere
818 2825 899 2880 milia
913 2843 1009 2880 secum
1024 2824 1175 2880 adduxisse
1189 2827 1224 2894 (v.
1240 2824 1304 2878 adn.
1321 2827 1390 2892 141).
1424 2823 1481 2877 iam

167 2900 199 2953 10
218 2899 335 2952 urbrbns
353 2915 424 2952 nove
443 2898 565 2952 conditis
584 2897 753 2968 Bucephalis
773 2901 802 2953 01
820 2898 940 2966 Nicaea,
968 2897 998 2951 in
1017 2895 1201 2951 exaedificata
1220 2897 1256 2950 ab
1271 2895 1482 2964 Hephaestione

167 2970 206 3024 ad
225 2970 373 3026 Acesinem
395 2969 488 3024 relicti
507 2973 573 3026 sunt
591 2971 708 3025 milites:
738 2969 788 3024 alii
807 2969 837 3023 in
855 2969 959 3040 pugnis
978 2969 1141 3024 ceciderunt
1159 2984 1214 3021 aux
1233 2985 1266 3022 ex
1285 2967 1382 3022 morbo
1401 2983 1482 3036 0000-

168 3041 267 3096 sertim
285 3041 335 3095 illo
349 3043 484 3111 tempore,
503 3059 560 3096 non
574 3058 679 3112 paucos
694 3041 867 3112 serpentium
880 3058 986 3096 veneno
1000 3042 1125 3094 mortuos
1141 3055 1201 3093 esse
1215 3055 1300 3108 supra
1315 3054 1349 3092 ex
1358 3038 1481 3092 Diodoro

168 3112 358 3184 cognovimns.
395 3130 542 3168 numerum
561 3115 636 3168 certe
654 3131 710 3168 non
730 3129 877 3183 augemus,
902 3113 925 3167 si
945 3113 1070 3182 quinque
1088 3109 1169 3164 milia
1188 3111 1229 3164 ita
1248 3112 1380 3180 putamus
1399 3109 1482 3163 Alex-

168 3185 290 3239 andrum
308 3184 436 3239 amisisse
454 3203 493 3255 pu
533 3186 650 3240 antium.

255 3259 322 3326 298)
342 3274 375 3311 ex
399 3256 493 3310 Aristo
514 3257 562 3311 ulo
589 3256 640 3310 hos
667 3273 797 3310 numeros
821 3255 971 3310 Arrianum
999 3254 1151 3324 sumpsisse
1174 3253 1272 3308 Leuius
1300 3253 1384 3321 putat
1406 3269 1432 3320 p.
1449 3256 1482 3304 56

169 3329 235 3382 adn.
252 3333 276 3381 3.
314 3345 370 3382 non
390 3327 524 3382 debemus
544 3327 673 3382 oblivisci
691 3327 749 3382 illis
767 3327 838 3382 locis
856 3327 972 3381 fluvium
986 3326 1150 3395 Hydaspem
1168 3323 1268 3378 insulis
1287 3321 1434 3392 permultis
1452 3321 1483 3375 in

169 3399 329 3470 complures
355 3401 450 3470 partes
474 3398 595 3453 divisum
614 3416 675 3454 esse
694 3402 780 3468 atque
799 3399 989 3453 Alexandrum
1008 3399 1123 3452 ineunte
1141 3396 1200 3450 fere
1218 3412 1313 3449 mense
1330 3393 1483 3448 Novembri

169 3489 203 3527 eo
236 3470 351 3552 flumine
379 3471 526 3526 devectum
554 3488 614 3527 esse
643 3489 706 3526 cum
734 3469 791 3524 iam
820 3470 888 3525 00110
917 3487 1051 3540 magnum
1079 3471 1153 3523 esset
1180 3467 1317 3522 imbribus
1345 3464 1483 3520 mensium

170 3561 204 3597 su
227 3559 354 3598 anorum.

205 3562 230 3652 p·
262 3616 324 3684 299)
344 3614 397 3667 hoe
419 3631 534 3668 revera
556 3613 617 3668 fieri
636 3614 685 3683 qui
704 3616 801 3668 nostra
820 3615 913 3668 001010
932 3612 994 3666 1000
1013 3611 1063 3664 illa
1082 3610 1285 3681 peragrabant,
1309 3608 1481 3663 confirmant.

171 3686 207 3740 cf.
224 3686 322 3755 Droys.
337 3685 363 3738 II
381 3704 407 3755 p.
425 3691 475 3738 171
495 3685 559 3740 adn.
577 3692 600 3739 1.
638 3688 733 3740 tamen
755 3688 883 3739 auctores
903 3682 1003 3737 Graeci
1022 3683 1133 3736 auxisse
1151 3681 1282 3735 videntur
1301 3679 1483 3733 difficultates

171 3758 207 3811 01.
228 3773 301 3826 quae
320 3773 354 3810 ex
372 3757 507 3811 Burnesio
526 3757 604 3811 York
622 3775 677 3810 von
695 3756 887 3826 Wartenburg
906 3753 1056 3809 0100111.
1077 3773 1103 3822 p.
1120 3759 1162 3821 07,
1182 3753 1231 3821 qui
1251 3751 1343 3806 addit:
1371 3751 1483 3819 ‘Habete

171 3828 355 3898 1010101001
379 3827 419 3884 tte
438 3827 614 3900 1010000000
638 3830 681 3884 ter
700 3827 808 3896 {itabile
830 3827 897 3896 01111
921 3826 1011 3896 poste
1035 3831 1085 3881 ons
1109 3822 1407 3895 000110006011100
1430 3823 1483 3878 001

172 3913 261 3956 norea
279 3900 320 3956 110
334 3898 483 3971 1010000100
502 3900 572 3970 nobi
591 3900 650 3969 0011
669 3899 736 3969 citit
755 3896 1103 3968 101001011001111110001
1119 3895 1314 3968 innitebaris
1329 3894 1482 3964 birbaum:

173 3972 286 4043 peicbr'.
324 3973 449 4026 ceterum
467 3970 606 4025 Diodorus
626 3988 677 4025 sua
695 3988 751 4024 non
771 3971 806 4024 de
824 3968 967 4038 Hydaspis
986 3970 1015 4022 et
1032 3967 1173 4034 Acesinis,
1193 3968 1243 4022 sed
1262 3968 1298 4021 de
1315 3965 1378 4020 Indi
1398 3967 1484 4035 atque

172 4041 301 4098 Acesinis
327 4043 509 4096 commissura
527 4045 624 4097 000001
642 4042 727 4110 XVII,
742 4048 784 4110 97,
802 4049 824 4096 1,
863 4041 949 4095 etiam
968 4038 1080 4094 Curtius
1094 4039 1140 4104 IX,
1155 4046 1181 4105 4,
1197 4045 1212 4092 9
1231 4038 1343 4093 videtur
1362 4038 1397 4091 de
1415 4035 1484 4090 indo

173 4118 203 4170 et
220 4113 340 4168 Acesine
359 4114 562 4168 confluentibus
583 4113 721 4184 cogitare,
741 4129 912 4184 quamquam
930 4128 986 4166 non
1005 4113 1102 4180 aperte
1121 4111 1199 4165 dicit.
1236 4127 1302 4164 nam
1320 4109 1406 4162 verba
1425 4107 1484 4162 eius

174 4187 210 4241 ad
230 4185 401 4240 confluentes
420 4185 583 4255 Hydaspem
603 4187 632 4240 01
644 4186 793 4240 Acesinem
813 4200 923 4253 quoque
941 4182 1040 4238 referri
1058 4184 1180 4252 possent.
1213 4181 1316 4235 mirum
1335 4196 1401 4233 sane
1420 4196 1484 4234 eum

173 4261 235 4312 tum
258 4258 371 4312 demum
394 4257 430 4312 de
452 4257 496 4310 his
521 4256 725 4328 confluentibus
744 4272 871 4323 narrare,
897 4255 1036 4310 onmium
1056 4257 1139 4308 antea
1158 4253 1297 4323 (IX,4,1)
1316 4253 1351 4305 da
1370 4251 1410 4305 eis
1429 4253 1484 4304 001-

174 4329 279 4384 1010011.
318 4331 412 4383 errant
438 4331 532 4382 autem
556 4331 584 4383 et
603 4328 742 4382 Diodorus
766 4330 795 4382 et
813 4327 924 4382 Curtius
949 4329 1034 4396 atque
1058 4327 1128 4379 adeo
1153 4342 1247 4380 eorum
1267 4325 1371 4377 auctor.
1409 4323 1484 4392 quod

173 4401 291 4456 tradunt
312 4417 408 4471 regem
431 4399 525 4470 ipsum
548 4417 650 4470 magno
674 4399 704 4453 in
727 4399 852 4469 periculo
875 4398 963 4453 fuisse
986 4415 1037 4480 per
1060 4413 1089 4452 00
1110 4396 1225 4466 quidem
1243 4394 1411 4449 incredibile
1428 4411 1485 4446 non

174 4475 223 4527 est.
262 4489 328 4526 nam
355 4471 416 4524 fieri
439 4473 563 4540 poterat,
590 4474 624 4525 ut
647 4471 733 4526 etiam
756 4469 836 4540 regia
853 4470 933 4524 navis
952 4471 1109 4540 agitaretur
1126 4467 1294 4522 turbinibus.
1333 4466 1382 4519 sed
1400 4463 1484 4518 nimis

175 4547 250 4599 certe
275 4542 415 4597 rhetorice
432 4559 492 4596 rem
511 4547 660 4597 auxerunt:
689 4542 747 4596 iam
765 4545 872 4596 vestem
891 4541 1045 4596 detraxisse
1063 4540 1254 4594 Alexandrum
1273 4539 1303 4591 in
1321 4536 1436 4590 fluvium
1455 4553 1485 4590 se

174 4613 922 4754 {cssinstituerentur*
936 4629 1000 4737 11
1008 4609 1368 4754 &detrudentes
1381 4623 1485 4747 11111

174 4762 270 4814 tamen
288 4757 318 4812 in
337 4757 429 4827 ripam
448 4757 497 4813 sed
516 4757 546 4810 in
564 4757 667 4812 vadum
686 4756 843 4828 proximum
857 4702 1081 4810 navisuilliditur.
1112 4754 1185 4810 alter
1199 4751 1322 4808 Achilles
1337 4751 1486 4806 videbatur
