3496 5308
675 310 897 373 -29-

130 470 168 534 in
191 469 349 534 dicionem
371 474 502 554 recepta
525 468 636 553 ibique
655 469 857 558 Philippo⁸³)
880 470 1111 535 Macedonibus
1135 470 1295 555 praesidio
1320 471 1441 536 relictis

130 570 312 654 praefecte,
337 569 510 634 secundum
530 567 716 652 Cophenem
734 565 914 652 ludumque
933 591 1124 654 progressus
1142 568 1326 634 Alexander
1343 593 1442 654 parva

131 667 290 732 nonnulla
322 667 443 752 oppida
476 667 516 730 ad
547 665 761 750 posteriorem
792 666 927 754 fiuvium
959 665 1022 730 sita
1053 667 1194 753 subegit;
1229 667 1378 752 Cophaeo
1409 673 1442 732 et

130 765 290 851 Assagete
326 764 470 852 regionis
505 762 682 849 hyparchis
713 785 790 828 usus
828 763 963 828 ducibus
994 761 1178 829 Alexander
1209 764 1440 854 Embolimaffl)

131 923 293 994 Cophenem
313 940 349 978 ue
367 923 441 977 retro
461 938 490 976 se
508 921 633 990 vertisse,
652 921 737 975 immo
753 937 805 990 ego
820 937 883 975 eum
899 922 934 976 ab
949 923 1019 976 urbe
1033 921 1134 976 Bazira
1147 921 1195 976 via
1209 939 1281 992 quae
1296 923 1442 978 meridiem

130 1011 226 1049 versus
246 995 283 1048 ad
324 994 462 1064 ophenem
481 993 560 1046 ducit
577 1009 628 1062 per
645 992 713 1046 Hoti
731 993 830 1046 urbem
848 993 1016 1062 processisse
1034 995 1103 1063 puto
1123 993 1276 1062 urbemque
1293 995 1442 1049 Peucelam

130 1083 189 1191 nptn
208 1066 306 1136 procul
325 1067 361 1120 ab
376 1064 445 1190 {aqi
462 1063 632 1189 nostraqiutm
647 1063 864 1189 (riqperiritpospie
877 1064 1017 1189 ἑξοιὲιαΙεεΞ
1031 1065 1131 1147 eadem
1150 1068 1210 1146 est?
1230 1068 1353 1190 cetqqum
1367 1067 1442 1194 vpplis

132 1155 224 1192 aera
266 1154 365 1192 ars-
410 1151 593 1190 ea—exa
630 1152 646 1188 a
687 1153 814 1189 ucrnr
860 1152 935 1190 cre
979 1153 1228 1190 nummvrcom
1304 1155 1376 1192 avva-
1426 1155 1442 1192 a

131 1211 162 1264 et
179 1156 311 1262 isileibes
333 1207 514 1277 nominibus.)
552 1225 615 1260 cum
637 1206 703 1260 inde
727 1206 817 1260 altera
837 1207 885 1260 via
908 1206 1037 1261 flectatur
1054 1206 1139 1261 hodie
1158 1156 1268 1276 quoqlde
1288 1209 1443 1262 adiudam

130 1280 332 1350 regionemque
359 1281 457 1349 petrae
484 1277 646 1348 proximam.
693 1277 760 1332 inde
787 1278 824 1332 ad
851 1277 951 1331 indum
973 1295 1137 1348 progressus
1160 1279 1285 1348 potuerit
1307 1280 1443 1334 nonnulla

130 1368 220 1421 parva
243 1349 349 1420 oppida
366 1350 436 1418 πρὸς
458 1355 495 1422 τῷ
516 1347 594 1420 Ἰνδῷ
617 1355 732 1421 ποταμῷ
756 1346 896 1420 ᾠκισμένα
915 1351 985 1420 (Arr.
1000 1349 1046 1418 IV,
1062 1355 1105 1418 28,
1121 1353 1147 1420 6)
1171 1367 1338 1420 expugnare.
1385 1351 1443 1406 iam

131 1424 251 1477 adverso
275 1422 345 1475 Indo
370 1421 474 1474 ducens
497 1419 668 1488 Embolima,
692 1419 910 1474 Amb-Balimah
928 1423 1028 1545 (qsupro
1047 1421 1168 1475 Torbela
1186 1421 1282 1490 eitum)
1307 1423 1442 1493 pervenit,

130 1494 208 1547 unde
226 1495 351 1561 (auctore
368 1491 498 1561 Arriano)
518 1492 626 1546 duobus
646 1491 744 1545 diebus
762 1491 891 1561 pervenit
910 1509 926 1546 a
964 1494 1075 1561 petram
1093 1491 1185 1562 ipsam
1202 1493 1354 1550 Mahaban.

223 1577 268 1644 88)
286 1590 341 1628 non
360 1572 436 1626 idem
454 1574 497 1626 est
515 1571 564 1641 qui
581 1574 681 1642 postea
699 1571 862 1625 Taxilarum
881 1574 997 1641 satrapa
1014 1571 1183 1626 nominatur.

222 1651 266 1706 84)
285 1643 444 1698 Embolima
466 1644 521 1714 (vel
539 1642 687 1698 Ecbolima
705 1642 804 1713 Curtii)
822 1643 873 1696 ubi
896 1642 952 1697 sita
974 1643 1080 1697 fuerint
1102 1644 1195 1698 adhuc
1219 1645 1270 1698 sub
1294 1644 1387 1701 iudice
1406 1645 1441 1700 lis

132 1719 183 1771 est.
222 1715 356 1770 Claudius
375 1715 447 1770 Ptol.
467 1715 504 1768 ad
523 1714 609 1769 Ceam
627 1715 782 1784 Indumque
802 1714 972 1768 confluentes
989 1714 1148 1768 Embolima
1166 1720 1377 1786 commemorat,
1397 1717 1443 1771 cui

132 1791 228 1842 tamen
254 1787 301 1840 vix
329 1786 481 1841 credemus.
522 1802 589 1839 narn
616 1802 651 1839 ea
678 1785 713 1839 de
741 1785 902 1840 coniectura
924 1801 958 1839 ex
981 1785 1094 1840 nomine
1117 1785 1193 1840 facto
1217 1787 1274 1841 sive
1298 1787 1360 1858 ipse
1383 1789 1441 1842 eive

133 1861 232 1913 auctor
250 1857 370 1928 scripsit.
408 1857 577 1912 derivabant
595 1872 691 1910 vocem
710 1873 727 1909 a
744 1857 829 1911 verbo
845 1852 991 1928 ἐμβάλλειν
1006 1857 1263 1928 existimabantque
1278 1875 1340 1913 earn
1355 1859 1443 1930 signi-

132 1931 211 1985 ficari
229 1931 328 1984 urbem
347 1945 420 1998 quae
439 1929 477 1983 ad
494 1928 610 1981 fluvium
628 1929 770 1996 quendam
788 1927 818 1981 in
838 1927 926 1981 alium
941 1944 969 1982 se
984 1928 1183 1983 immittentem
1197 1933 1272 1984 esset
1287 1930 1350 1986 sita.
1379 1949 1443 1985 cum

131 2019 188 2056 non
211 2001 284 2055 alins
307 2003 368 2055 turn
389 1999 489 2054 fluvius
508 1998 609 2054 fuisset
626 1999 656 2052 in
674 1998 726 2051 illa
744 1998 859 2069 regione
877 2002 960 2053 notus
980 1999 1030 2069 qui
1048 2017 1112 2053 cunr
1130 2000 1198 2054 lndo
1218 2018 1306 2070 aquas
1326 2002 1442 2057 coniun-

131 2073 183 2144 git,
202 2072 287 2127 Ceam
307 2071 363 2144 (vel
382 2071 550 2142 Cophenem)
570 2069 626 2124 eibi
645 2073 830 2139 sumpserunt.
859 2070 908 2124 sed
926 2070 1049 2140 primum
1067 2070 1142 2126 vocis
1160 2071 1253 2126 forma
1270 2073 1354 2126 nimis
1368 2073 1441 2127 mira

132 2144 157 2198 si
180 2143 317 2214 originem
341 2160 471 2214 graecam
493 2141 672 2212 respicimus,
695 2157 786 2211 neque
811 2141 932 2196 arbitror
950 2142 1118 2197 Macedones
1141 2143 1254 2198 ficturos
1277 2143 1365 2200 fuisse
1382 2146 1442 2200 tale

131 2215 208 2269 urbis
226 2231 342 2284 nomen,
362 2214 418 2268 nisi
436 2214 512 2268 idem
529 2229 619 2283 paene
639 2212 764 2266 indicum
782 2213 962 2267 invenissent.
990 2213 1105 2268 minime
1125 2217 1220 2268 autern
1233 2217 1356 2270 concedo
1370 2215 1442 2270 Cun-

131 2286 296 2358 ninghamio
314 2287 335 2354 I,
355 2291 398 2353 56,
417 2285 489 2352 aliis,
513 2301 564 2356 pro
583 2285 689 2338 Ambar
707 2283 751 2338 vel
769 2283 983 2338 Ambar-Ohind
1002 2285 1186 2354 depravatum
1205 2303 1265 2340 esse
1283 2286 1443 2342 Embolima

132 2375 242 2483 grpeop,
261 2373 354 2482 npque
371 2357 516 2488 porros?e
529 2356 700 2479 conflqentes
715 2353 801 2480 anm
820 2357 967 2438 etuindum
986 2357 1443 2500 arpneshqqnditqefsuptrqffiqp

177 2448 207 2482 ιιι
246 2445 338 2484 ures.
372 2445 487 2482 sanein
517 2444 650 2482 rnvuos
684 2443 802 2481 uoeam
835 2445 1011 2481 rnmcurrun
1038 2445 1069 2480 ιιι
1135 2447 1183 2482 nm
1213 2445 1316 2483 c.ca

132 2500 348 2571 Ounningham).
386 2501 461 2554 recte
481 2499 564 2553 credo
583 2499 640 2552 iarn
658 2445 835 2552 ibbottiuni
844 2499 950 2568 (Journ.
970 2499 1003 2553 of
1017 2499 1067 2553 the
1080 2500 1127 2554 As.
1143 2499 1203 2554 Soc.
1222 2500 1255 2554 of
1269 2501 1442 2571 Beng.1854

131 2572 187 2627 vol.
206 2572 245 2626 IV
268 2590 295 2642 p.
316 2573 429 2695 344sqg
476 2569 636 2624 Embolima
662 2573 787 2624 veterum
815 2571 933 2624 eandem
961 2570 1138 2625 contendisse
1165 2571 1263 2626 urbem
1291 2589 1351 2626 esse
1379 2591 1442 2626 cum

131 2642 301 2698 nostratium
320 2643 405 2696 Amb-
431 2641 537 2695 alimah
562 2640 681 2695 urbibus
700 2641 737 2694 ad
755 2641 856 2694 Indum
876 2657 959 2712 supra
977 2641 1099 2696 Torbela
1120 2641 1189 2697 sitis.
1228 2643 1320 2698 solent
1338 2647 1441 2714 autem,

131 2718 163 2768 ut
190 2716 244 2769 hoc
267 2714 383 2782 addam,
410 2713 529 2767 duarum
554 2712 667 2766 urbium
691 2711 806 2766 nomina
828 2712 891 2766 Indi
915 2712 1084 2782 coniungere
1108 2713 1142 2770 cf.
1167 2713 1324 2786 Cunmngh.
1346 2735 1373 2786 p.
1393 2722 1441 2784 5⁷3

134 2789 220 2855 atque
238 2789 300 2839 tum
318 2784 413 2855 potuit
430 2785 500 2852 fieri,
518 2787 551 2838 ut
568 2800 619 2854 pro
633 2783 850 2838 Amb-Balimah
867 2783 995 2858 linguam
1009 2801 1140 2854 graecam
1154 2786 1335 2856 respicientes
1350 2787 1442 2842 Mace-

133 2857 219 2911 dones
249 2857 347 2910 urhem
369 2855 529 2910 Embolima
556 2854 741 2909 nominarent.
783 2871 875 2924 neque
903 2873 973 2925 quas
997 2855 1193 2926 Cunningham
1221 2856 1303 2912 affert
1328 2874 1442 2913 caussas

132 2931 279 2997 praeterea
298 2928 310 2980 Ι
328 2946 355 2998 p.
375 2932 410 2981 56
428 2945 473 2982 me
491 2929 617 2996 movent,
640 2929 674 2980 ut
691 2926 757 2980 huic
782 2926 939 2981 sententiae
963 2926 1106 2981 desistam.
1146 2945 1212 2982 nam
1236 2946 1300 2982 curn
1323 2929 1440 2985 scribat:

135 2999 305 3054 ‘Alexander
330 2999 465 3080 captured
489 2999 570 3052 other
592 2997 674 3052 small
697 3000 787 3052 towns
811 3015 847 3052 on
870 2998 919 3052 He
942 2998 1014 3052 river
1031 2999 1181 3068 Kophenes
1205 3000 1262 3054 and
1283 3001 1393 3054 arrived
1412 3004 1442 3056 at

132 3070 189 3124 last
214 3072 245 3124 at
262 3069 432 3124 Embohma'
453 3072 505 3124 etc.
530 3069 652 3137 fallitu13
675 3086 742 3122 nam
759 3068 894 3123 Arrianus
918 3070 953 3123 do
974 3069 1085 3140 oppidis
1105 3071 1141 3124 ad
1155 3071 1256 3124 Indum
1274 3071 1335 3126 sitis
1353 3075 1442 3127 rettu-

132 3142 168 3196 lit
177 3141 224 3211 lV,
234 3146 277 3209 28,
288 3147 313 3208 6,
328 3159 401 3210 quae
413 3141 508 3211 potius
527 3141 557 3194 in
570 3157 664 3194 meam
677 3140 847 3194 sententiam
860 3139 946 3194 liceat
956 3143 1118 3195 convertere
1129 3145 1157 3196 et
1168 3142 1309 3197 adhibere.
1339 3144 1441 3198 deinde

133 3214 208 3282 quod
227 3211 325 3267 narrat
343 3211 513 3283 Canningh.:
540 3213 582 3266 ‘as
600 3212 649 3265 the
670 3214 751 3282 great
769 3212 856 3282 depbt
875 3211 907 3266 of
922 3212 1076 3281 provisions
1096 3214 1152 3266 and
1171 3213 1252 3268 otber
1270 3215 1440 3270 necessarias

132 3302 189 3338 was
213 3283 322 3339 formed
347 3286 377 3338 at
395 3283 568 3353 Embolima,
587 3284 600 3336 I
619 3283 767 3351 conclude,
789 3283 854 3337 that
876 3283 925 3337 the
948 3283 1049 3354 bridge
1068 3287 1144 3338 must
1161 3285 1234 3340 have
1252 3285 1324 3340 been
1343 3289 1374 3340 at
1392 3287 1441 3340 the

134 3373 209 3410 same
231 3355 324 3426 place’
351 3358 426 3410 errat
449 3358 532 3410 certe.
569 3354 649 3408 nulla
671 3371 792 3422 usquam
809 3371 901 3422 neque
919 3355 1137 3424 Hephaestionis
1156 3356 1327 3426 militumve,
1350 3373 1441 3426 neque

133 3427 226 3496 pontis
246 3443 309 3480 cum
327 3426 379 3480 fiat
391 3426 497 3481 mentio
512 3425 686 3494 Embolimis,
705 3426 790 3479 immo
809 3443 873 3480 cum
886 3426 946 3479 Arr.
961 3426 1008 3494 IV,
1028 3431 1070 3496 28,
1091 3433 1105 3480 ’λ
1120 3427 1217 3481 tradat
1231 3427 1374 3497 Κράτερον
1389 3429 1440 3498 μὲν

134 3499 184 3552 stc
210 3497 289 3568 μέρει
311 3505 360 3567 τῆς
383 3506 512 3564 στρατιᾶς
535 3500 697 3552 καταλείπει
720 3499 807 3552 αὐτοῦ
830 3496 981 3551 verisimile
1004 3501 1127 3552 estnon
1149 3499 1248 3553 eodem
1270 3499 1332 3554 loco
1354 3499 1441 3553 etiam

134 3567 352 3639 Hephaestionis
375 3567 480 3622 milites
503 3568 591 3622 fuisse
612 3568 772 3624 collocatos.
810 3567 909 3637 Neque
926 3568 1097 3622 frumentum
1116 3573 1264 3639 ceteraque
1282 3571 1441 3626 necessaria

134 3643 388 3782 etelectus
408 3639 1440 3782 listrisstrauissetreiteraretgrisiis

750 3755 755 3764 ¹
1124 3756 1130 3781 2
1186 3757 1192 3781 λ

135 3782 1178 3924 :cirsterciensisrestaurarentur
1194 3787 1439 3926 {resistet

134 3924 343 3995 Hephaestione
368 3925 404 3978 ad
422 3925 609 3980 traiciendum
626 3928 796 3994 praeparata
814 3925 977 3995 repperisse.
1015 3925 1094 3979 cuius
1112 3943 1145 3979 ex
1163 3926 1324 3982 narratione
1342 3945 1440 3998 quam-

133 3995 174 4050 vis
204 3996 320 4051 confusa
342 3998 395 4050 hoc
418 3999 514 4051 tamen
542 3997 650 4050 elucere
673 3996 744 4049 mihi
767 3999 889 4064 constat,
917 3996 1077 4051 Embolima
1098 4015 1155 4052 non
1178 3999 1277 4053 eodem
1298 3999 1360 4054 loco
1384 4000 1440 4053 sita

135 4067 221 4122 fuisse
239 4067 289 4121 nbi
307 4085 378 4138 pons
397 4067 490 4122 factus
509 4071 577 4136 erat,
596 4085 687 4136 neque
706 4083 794 4137 prope
813 4085 884 4134 eum,
904 4067 1041 4122 sedeatis
1060 4069 1157 4138 procul
1176 4070 1213 4122 ab
1232 4087 1274 4125 ea.
1290 4103 1323 4110 -
1338 4071 1440 4124 Embo-

59 4208 65 4220 .
134 4139 201 4193 lima
219 4138 269 4192 ubi
289 4139 474 4221 exaedificata
491 4138 596 4220 fuerint
615 4138 727 4193 sirecte
742 4138 980 4208 investigavimus,
1000 4139 1086 4220 etiam
1099 4140 1224 4194 Aornum
1237 4144 1347 4224 petram
1360 4141 1439 4195 facili

133 4209 1440 4353 secessistitelesini.ittrestitissemusittarta

133 4352 209 4407 Vara
228 4371 292 4407 cum
310 4353 363 4407 hoc
381 4355 476 4406 monte
495 4355 524 4406 et
542 4352 633 4408 videri
650 4369 753 4407 nomen
771 4353 847 4406 Vara
866 4356 895 4406 et
912 4353 1020 4408 Aornos
1039 4354 1083 4407 vel
1101 4354 1210 4410 Varnos
1230 4355 1305 4408 inter
1323 4372 1353 4409 se
1371 4372 1439 4423 quo-

135 4424 282 4478 dammodo
312 4423 466 4478 cohaerere.
510 4423 564 4477 Sed
591 4426 667 4478 recte
694 4424 798 4478 Lassen
817 4424 843 4476 H
867 4429 917 4478 148
946 4426 1010 4479 adn.
1035 4431 1050 4477 3
1075 4425 1285 4494 animadvertit,
1313 4426 1439 4479 indicum

134 4511 242 4566 nomen,
257 4495 332 4549 unde
346 4495 514 4549 Macedones
529 4512 624 4560 vocem
638 4511 769 4565 graecam
784 4495 977 4563 derivaverint,
992 4496 1079 4550 fuisse
1093 4499 1227 4551 avarana:
1246 4497 1346 4564 tutela,
1363 4497 1439 4564 quod

136 4583 229 4620 omnes
257 4565 287 4620 in
314 4566 396 4619 illum
423 4568 547 4621 montem
569 4582 599 4620 se
623 4565 765 4620 defensuri
786 4566 970 4636 recipiebant.
1011 4567 1069 4621 iam
1091 4567 1206 4622 minim
1228 4568 1335 4638 placet,
1363 4569 1440 4636 quod

134 4638 246 4692 nuntios
275 4654 370 4692 omnes
399 4639 434 4692 de
461 4641 557 4692 monte
584 4637 621 4691 ab
649 4637 791 4692 historicis
813 4638 895 4692 valde
918 4641 1016 4692 auctos
1040 4655 1099 4693 esse
1123 4640 1213 4694 credit
1235 4639 1437 4708 Cunningham.

134 4708 210 4764 velut
228 4709 304 4778 quod
324 4710 359 4763 de
378 4709 530 4763 altitudine
551 4708 689 4778 referunt,
713 4707 821 4765 Arrian.
842 4709 888 4779 IV,
908 4714 951 4778 28,
966 4715 982 4763 3
1000 4709 1073 4780 ὕψος
1092 4710 1124 4766 δὲ
1144 4712 1309 4766 ..σταδίων
1328 4710 1438 4780 ἕνδεκα,
