3496 5308
862 313 1083 379 ..53-

318 491 405 556 viam
437 491 484 556 iit.
536 491 777 576 subsistensque
809 513 928 576 equum
960 493 1214 578 magnitudinem
1247 493 1323 559 Pori
1355 499 1387 560 et
1419 495 1651 579 pulchritudi-

318 585 451 675 nem¹⁷⁴)
474 589 567 653 valde
595 593 644 654 est
671 590 806 655 miratus
829 627 873 636 -
896 593 1039 675 corporis
1067 595 1175 656 autem
1203 592 1392 678 magnitudo
1422 598 1490 658 erat
1514 594 1648 658 ducen-

317 691 425 751 torum
447 687 513 751 fere
536 687 670 772 triginta
694 688 955 754 centimetrorum
978 727 1029 773 —,
1057 693 1089 754 et
1112 690 1199 774 quod
1222 691 1354 756 minime
1376 693 1484 756 animo
1508 692 1647 758 fractus

318 785 373 850 sed
395 790 432 849 ut
454 785 504 850 vir
526 789 676 850 strenuus
699 805 738 850 ao
759 785 853 851 fortis
877 787 946 851 viro
969 787 1047 853 forti
1071 788 1183 871 obiret,
1207 808 1280 854 cum
1304 811 1363 874 pro
1382 811 1482 875 regno
1501 790 1648 855 fortiter

317 879 556 969 pugnassetllll)
602 903 640 947 ac
672 884 761 967 prior
788 881 970 949 Alexander
1002 907 1075 950 eum
1103 885 1263 952 allocutus
1293 887 1387 952 iussit
1410 888 1528 973 dicere,
1553 889 1647 973 qnid

317 981 378 1045 sibi
410 981 480 1046 fieri
512 982 618 1046 vellet.
665 982 716 1045 cui
748 980 851 1048 Porus
883 984 1086 1066 respondisse
1117 985 1268 1050 traditur:
1305 1007 1356 1049 me
1389 986 1475 1071 regie
1506 986 1566 1052 abs
1602 991 1645 1051 te

316 1079 463 1162 tractari,
485 1077 681 1147 Alexander!
727 1079 843 1163 quibus
866 1080 972 1146 verbis
994 1103 1052 1145 rex
1074 1083 1217 1167 gauisus:
1252 1080 1316 1147 boc
1337 1082 1412 1167 tibi,
1434 1084 1549 1168 inquit,
1575 1085 1645 1149 fiet

316 1199 388 1241 mea
420 1197 529 1260 causa;
566 1177 622 1241 sed
653 1181 709 1242 tua
742 1197 837 1244 causa
869 1179 947 1262 quid
978 1178 1038 1244 tibi
1070 1183 1198 1266 gratum
1229 1181 1271 1246 sit
1298 1202 1386 1266 roga.
1433 1183 1484 1246 cui
1511 1181 1644 1246 Porus:

318 1275 427 1339 omnia
463 1275 498 1339 in
533 1273 596 1338 hoc
631 1297 697 1340 uno
733 1276 852 1342 insunt.
907 1281 1003 1362 atque
1039 1276 1091 1342 his
1122 1277 1228 1344 vorbis
1260 1277 1362 1344 Porus
1394 1279 1533 1344 amicum
1569 1280 1644 1345 sibi

317 1551 320 1558 .
408 1505 469 1571 174)
488 1503 622 1557 Arrianus
637 1503 670 1572 V,
682 1509 740 1572 19,1
761 1502 861 1560 πέντε
884 1504 925 1574 πή
942 1525 982 1568 εις
1004 1506 1130 1575 μάλιστα,
1148 1506 1261 1562 Diodor.
1277 1506 1362 1575 XVII,
1377 1513 1411 1562 88
1431 1516 1518 1578 μῆκος
1530 1517 1643 1580 πηγῶν

317 1571 417 1629 πέντε
440 1575 536 1628 tradit.
574 1574 687 1630 Curtius
706 1575 783 1644 VIII,
799 1582 876 1644 14,1a
899 1526 941 1630 nil
963 1577 1019 1632 nisi
1041 1577 1124 1632 haec:
1154 1578 1226 1647 ‘ipse
1245 1579 1332 1634 Poma
1355 1579 1496 1634 humanae
1518 1581 1642 1650 magni·

316 1645 424 1700 tudinis
443 1647 646 1715 propemodum
665 1650 822 1702 excesserat
835 1647 974 1702 formam'.
1009 1665 1072 1702 cum
1091 1651 1187 1704 autem
1205 1650 1324 1705 adiciat:
1346 1651 1548 1720 ‘magnitudini
1563 1651 1642 1706 Pori

317 1717 419 1786 aequa'
441 1749 473 1757 -
493 1717 534 1771 sic
553 1718 628 1772 enim
646 1719 826 1773 scribendum
849 1735 900 1789 pro
924 1720 1052 1774 codicum
1072 1721 1206 1775 ‘adicere'
1226 1752 1262 1761 -
1281 1721 1442 1776 ‘videbatur
1460 1722 1551 1790 belua,
1573 1740 1642 1793 qua
1728 1771 1729 1796 ,

317 1787 478 1856 vehebatur,
504 1791 617 1843 tantum
639 1789 714 1844 inter
736 1793 843 1844 cotem
867 1790 1005 1859 eminens,
1029 1794 1135 1861 quanto
1159 1792 1224 1846 aliis
1247 1792 1308 1862 ipse
1330 1793 1518 1862 praestabat',
1537 1796 1640 1850 mani-

317 1859 421 1913 festum
439 1862 483 1914 est
501 1860 587 1914 simili
606 1863 635 1914 et
653 1859 781 1916 Curtium
799 1864 829 1917 at
842 1860 1025 1917 Plutarchum
1044 1865 1158 1918 auctora
1176 1864 1258 1934 quasi
1276 1863 1355 1919 fonte
1373 1881 1438 1918 usos
1458 1881 1525 1920 esse.
1563 1865 1640 1920 Plu-

318 1931 405 1984 tarch.
426 1934 521 1985 autem
539 1932 587 1985 vit.
603 1931 646 1985 Al.
663 1949 685 1986 c.
702 1937 736 1986 60
755 1933 865 1987 scribit:
896 1933 928 1988 ol
947 1932 983 1988 δὲ
1006 1937 1159 1990 πλεῖστοι
1177 1944 1241 1991 τῶν
1264 1934 1487 2006 συγγραφέων
1507 1935 1638 2005 ὁμολο-

317 2009 428 2072 γοῦσι,
451 2002 501 2057 τὸν
520 2005 623 2071 Πῶρον
646 2001 835 2072 ὑπεραίροντα
857 2005 1029 2072 τεσσάρων
1052 2025 1090 2076 πη
1109 2015 1149 2061 ῶν
1172 2010 1301 2078 σπιθαμῇ
1326 2005 1358 2061 τὸ
1382 2016 1481 2078 μῆκος,
1505 2007 1639 2079 ἱππότην

320 2073 391 2144 (cod.
410 2073 482 2128 falso
503 2072 633 2143 ἱππότου)
655 2073 742 2144 μηδὲν
761 2075 880 2131 όποδεῖν
898 2076 969 2144 πρὸς
985 2077 1036 2132 τὸν
1055 2027 1194 2146 stipam
1213 2076 1372 2154 συμμετρίᾳ,
1391 2078 1489 2133 διὰτὸ
1508 2077 1639 2150 μέγεθος

317 2146 366 2198 καί
391 2145 440 2200 τὸν
464 2144 550 2215 ὄγκου
573 2154 622 2200 τοῦ
647 2147 783 2216 σώματος·
812 2145 905 2230 καίτοι
923 2145 1054 2272 Ιγβίγιστος
1075 2141 1112 2218 ἦν
1135 2148 1150 2203 δ
1175 2147 1283 2232 ἐλέφας.
1320 2150 1400 2242 quod
1419 2151 1543 2242 corporis
1566 2151 1637 2205 eius

317 2215 402 2288 δγιον
425 2217 452 2269 h.
468 2233 490 2270 e.
511 2217 614 2270 molem
638 2219 668 2271 et
685 2218 771 2272 robur
789 2220 905 2285 attmot,
950 2219 1063 2273 rodorus
1082 2219 1100 2273 l.
1116 2219 1134 2273 1.
1154 2221 1247 2274 addit:
1275 2220 1307 2275 τὸ
1327 2219 1353 2275 δ’
1371 2240 1451 2289 ευρος
1469 2231 1598 2292 υπηρχεν
1619 2223 1636 2278 δ

315 2289 415 2355 θώραξ
435 2289 522 2342 αὐτοῦ
542 2287 691 2344 διπλάσιον
710 2298 765 2344 τῶν
784 2289 883 2357 ἄλλων,
901 2300 957 2345 τῶν
976 2288 1141 2358 εόρωστίων.
1179 2290 1277 2359 διόπερ
1296 2291 1331 2346 τδι
1350 2292 1506 2364 βαλλόμενα
1525 2292 1637 2349 σαυνία

316 2355 1636 2504 '⁰²“ltttttr“tittst'lttltt0ttt⁸tttttttttttttt..tttessttg

316 2447 415 2572 arabiles
429 2450 483 2556 bul
502 2501 642 2573 σπιθαμηῆ
661 2519 695 2556 ex
714 2475 881 2558 diversitate
898 2504 1056 2559 cubitorum
1075 2504 1203 2576 intellegi
1221 2508 1347 2576 possunt.
1371 2455 1452 2561 uriam
1469 2515 1560 2578 πηγυς
1577 2458 1635 2562 lt-

316 2573 389 2626 ticus
408 2573 453 2626 vel
472 2571 636 2644 Olympicus
656 2576 716 2629 erat
734 2573 894 2630 oocohxfl
917 2576 975 2630 fere
998 2575 1224 2631 millimetrorum
1245 2577 1299 2648 (vel
1318 2578 1438 2632 duarum
1456 2583 1634 2650 σπιθαμῶν),

317 2653 455 2768 '‘iltxt
478 2644 913 2788 'remeans-ere
928 2648 1635 2778 <ceresariacernunturque

316 2731 387 2840 ἔξω
406 2786 582 2854 millimetra,
606 2791 740 2856 quattuor
756 2761 860 2860 Ιπήγεις
882 2738 960 2860 regii
973 2736 1148 2860 etbuchaicq
1168 2741 1263 2846 dutem
1282 2794 1348 2846 sunt
1366 2797 1435 2847 2335
1454 2764 1632 2849 millimetra.

319 2857 455 2912 differunt
472 2859 560 2928 igitur
579 2860 656 2913 modi
675 2865 709 2914 25
727 2860 898 2914 millimetris
916 2861 961 2915 vel
980 2861 1088 2916 duobus
1106 2863 1166 2916 fere
1184 2863 1364 2918 centimetris.

409 2943 471 3010 175)
497 2939 609 2994 Curtius
627 2940 704 3008 VIII,
721 2947 798 3008 14,38
822 2941 924 2996 Porum
952 2941 1017 2995 telis
1044 2942 1169 3011 undique
1194 2943 1316 3012 petibum
1338 2943 1482 3012 ictumque
1510 2961 1544 2998 ex
1572 2945 1633 3000 ele-

316 3011 424 3079 phanto
443 3011 555 3080 lapsum
579 3028 639 3066 osse
662 3013 800 3079 narravit;
827 3014 904 3067 idem
929 3013 1049 3067 tradidit
1066 3013 1206 3068 Dtodorus
1225 3014 1309 3082 XVII,
1329 3020 1403 3081 88,6:
1431 3018 1634 3084 περιιλασθεῖς

316 3082 381 3150 περὶ
399 3083 431 3136 τὸ
450 3081 555 3152 θηρίον
573 3083 644 3151 πρὸς
667 3083 718 3153 τὴν
742 3092 795 3155 γῆν
813 3082 982 3154 κατηνέχθη.
1020 3085 1150 3139 similiter
1167 3085 1269 3140 Justin.
1289 3086 1381 3158 (Trog.
1396 3087 1504 3157 Pomp.)
1523 3087 1582 3156 XII,
1598 3094 1631 3143 8:

318 3153 417 3207 ‘Porus
435 3153 532 3208 multis
551 3153 712 3208 vulneribus
732 3156 848 3210 obrutus
868 3155 988 3225 capitur'
1010 3157 1097 3211 etiam
1115 3157 1225 3226 reliqua
1248 3157 1354 3212 similia
1378 3159 1455 3228 apud
1472 3159 1631 3214 Diodorum

317 3227 346 3278 et
365 3223 505 3294 Curtium
523 3226 601 3295 prior
618 3226 730 3280 brevius
748 3229 859 3280 narrat:
880 3225 1063 3297 διαδοθείσης
1082 3225 1113 3282 δὲ
1132 3227 1227 3298 φήμης
1245 3227 1287 3283 ὅτι
1304 3231 1495 3300 τετελεύτηκεν
1513 3229 1528 3284 ό
1547 3231 1631 3301 βασι-

315 3296 390 3363 λεός,
413 3296 444 3350 τὸ
468 3297 567 3351 λοιπόν
590 3300 700 3368 πλῆθος
727 3307 783 3352 τῶν
804 3294 904 3353 Ἰνδῶν
928 3299 999 3366 πρὸς
1027 3298 1120 3370 φυγήν
1148 3299 1286 3370 ὥρμησενς
1315 3299 1427 3354 Curtius
1455 3303 1630 3358 accuratius:

316 3370 453 3421 rectorem
476 3367 621 3438 elephanti
640 3369 742 3423 Porum
766 3370 934 3423 descendere
953 3369 1025 3424 vello
1050 3373 1143 3424 ratum
1165 3387 1242 3426 more
1261 3371 1344 3426 solito
1364 3371 1545 3442 elephantum
1563 3391 1631 3442 pro-

318 3439 448 3492 cumbere
466 3439 581 3493 iussisse
600 3440 630 3492 in
648 3455 749 3509 genua.
787 3441 853 3494 inde
872 3443 978 3495 ceteras
1002 3459 1114 3512 quoque
1132 3442 1231 3497 beluas
1249 3445 1283 3496 ut
1299 3443 1432 3498 instituta
1450 3443 1578 3511 fuissent,
1596 3445 1631 3500 in

316 3511 421 3564 terram
448 3527 565 3580 corpora
593 3511 751 3578 demisiss03
780 3529 836 3579 quo
864 3515 893 3566 et
915 3512 1018 3566 Porum
1046 3515 1075 3568 et
1102 3515 1209 3569 ceteros
1233 3514 1386 3569 victoribus
1413 3515 1534 3570 traditos
1557 3532 1628 3570 esse.

315 3581 475 3635 Alexandro
493 3581 597 3636 Porum
615 3583 772 3636 exanimem
790 3583 881 3636 visum
900 3600 973 3650 esse3
997 3585 1168 3639 concurrisse
1192 3586 1252 3640 eius
1270 3586 1349 3640 iussu
1367 3587 1492 3654 undique
1511 3587 1560 3656 qui
1579 3588 1631 3642 de-

316 3652 461 3706 traherent
482 3653 607 3708 loricam.
646 3654 695 3708 sed
718 3653 832 3708 beluam
860 3655 1013 3724 spoliantes
1042 3656 1213 3726 appetivisse
1235 3657 1384 3726 ipsumque
1407 3657 1510 3712 Pomm
1532 3675 1630 3714 rursus

317 3724 398 3778 dorso
427 3741 476 3778 suo
504 3725 679 3794 imposuisse.
720 3727 782 3779 tum
810 3726 922 3779 demum
950 3727 1100 3797 elephanto
1128 3727 1192 3782 telis
1219 3729 1344 3798 undique
1372 3730 1500 3784 confosso
1524 3729 1629 3786 Pomm

317 3797 431 3865 captum
454 3798 483 3850 et
507 3796 538 3849 in
560 3796 719 3850 vehiculum
746 3797 910 3867 impositum
934 3814 1001 3852 esse.
1039 3799 1121 3854 addit
1142 3799 1282 3854 Diodorus
1305 3800 1323 3854 l.
1339 3801 1357 3854 l.
1373 3805 1420 3857 89:
1449 3801 1533 3864 αὐτὸς
1555 3800 1586 3855 δὲ
1610 3803 1628 3856 δ

317 3869 417 3934 Πῶρος
435 3867 557 3936 ἔμπνους
576 3864 615 3922 ὢν
633 3865 783 3938 παρεδόθη
806 3878 865 3933 τοῖς
880 3866 982 3932 Ἰνδοῖς
1004 3870 1074 3938 πρὸς
1091 3871 1143 3940 τὴν
1161 3870 1328 3940 θεραπείαν.
1366 3873 1438 3927 mira
1457 3873 1543 3927 etiam
1561 3873 1628 3926 Plu-

315 3938 430 3992 tarchus
448 3937 466 3991 l.
482 3938 500 3992 l.
521 3956 542 3992 o.
559 3944 593 3992 60
613 3940 648 3992 de
666 3939 812 4008 elephanti
830 3941 982 4010 prudentia
1000 3944 1107 3996 narrat:
1128 3943 1165 4005 ὡς
1183 3941 1210 3997 δ’
1229 3940 1333 4015 ᾔσθετο
1352 3945 1439 4015 βελῶν
1455 3943 1559 4012 πλήθει
1577 3947 1628 4000 καὶ

315 4009 482 4078 τραυμάτων
501 4008 646 4079 ιυίγινοντα
664 4014 775 4079 Πῶρον,
794 4011 889 4075 δείσας
906 4012 943 4082 μὴ
961 4021 1106 4084 περιρρυῇ,
1125 4022 1183 4076 τοῖς
1202 4012 1252 4083 μὲν
1271 4013 1387 4085 γόνασιν
1406 4016 1446 4078 εἰς
1465 4023 1518 4086 γῆν
1535 4015 1626 4086 ὑφῆκε

315 4079 540 4220 ltiltaitllil'
558 4079 1393 4226 ttsltt‘tltttdttttttt'ttttrttlttltt
1407 4084 1626 4228 {diffidit

316 4223 469 4277 cernebant
495 4221 539 4276 vel
568 4225 603 4278 de
630 4224 695 4278 aliis
723 4225 890 4294 audiebant,
918 4226 948 4279 in
971 4226 1073 4282 Porum
1102 4227 1260 4282 contulisse.
1302 4199 1437 4283 Arriarius
1461 4229 1505 4282 vel
1528 4232 1625 4286 auctor

316 4293 360 4364 (V,
377 4298 447 4364 18,5)
471 4294 544 4348 tales
567 4296 680 4350 nuntios
698 4313 755 4350 non
773 4297 885 4351 videtur
902 4297 1060 4370 ignorasse,
1079 4299 1181 4368 quibus
1200 4303 1348 4391 oppugnat
1364 4301 1469 4356 verbis:
1497 4300 1554 4356 ἀπὸ
1572 4302 1623 4372 γὰρ

319 4374 369 4420 τοῦ
389 4365 473 4420 ἄλλον
493 4367 618 4435 σώματος
635 4366 714 4436 ἤρκει
733 4368 808 4440 αὐτῷ
826 4367 861 4422 τὰ
880 4367 944 4440 βέλη
964 4369 979 4424 ὁ
998 4371 1110 4439 θώραξ,
1128 4371 1256 4512 aestuate
1278 4393 1317 4428 ων
1340 4371 1412 4426 acroi
1430 4391 1459 4426 τε
1477 4371 1528 4442 τὴν
1546 4372 1624 4443 ίσγδν

318 4437 367 4490 ναί
386 4436 437 4506 τὴν
456 4435 603 4506 ἁρμονίαν,
623 4439 659 4502 ὡς
677 4437 792 4507 ὕστερον
806 4445 983 4510 καταμαθεῖν
997 4440 1152 4511 θεωμένοις

316 4508 398 4560 maai.
435 4509 502 4561 huic
526 4511 600 4563 certo
622 4510 759 4564 habemns
782 4511 874 4565 fidem.
912 4512 1033 4582 denique
1055 4513 1194 4568 rhetorice
1217 4517 1247 4568 et
1268 4515 1387 4569 ridicule
1409 4515 1510 4569 Instini
1529 4518 1624 4571 auctor

316 4578 402 4646 XII,8
421 4595 480 4632 rem
499 4579 683 4650 amplificavit
700 4598 817 4636 narrans
831 4583 942 4652 Porum,
962 4584 1037 4652 quod
1055 4585 1161 4639 victum
1180 4603 1209 4640 se
1228 4602 1288 4640 esse
1303 4586 1384 4640 valde
1403 4586 1547 4655 doluisset,
1562 4603 1624 4643 cum

315 4650 427 4704 ventam
446 4651 481 4704 ab
500 4651 582 4706 hoste
600 4652 764 4722 invenisset,
787 4671 878 4723 neque
902 4656 996 4709 cibum
1020 4673 1128 4711 sumere
1146 4657 1268 4711 voluisse
1291 4673 1381 4727 neque
1399 4658 1515 4712 vulnera
1534 4661 1623 4715 curari

294 4793 296 4799 Ι
316 4738 432 4792 passum
450 4739 518 4790 esse,
540 4739 678 4794 aegreque
697 4725 733 4779 ab
753 4741 785 4779 eo
805 4742 865 4780 esse
884 4726 1039 4794 obtentum,
1057 4731 1090 4783 ut
1107 4728 1194 4783 vellet
1211 4729 1311 4783 vivere.

1184 4465 1209 4498 ν.
1245 4443 1331 4498 verba
1345 4445 1441 4514 aperte
1456 4446 1521 4497 sunt
1534 4444 1624 4499 Ptole·
