3506 5306
731 361 952 422 -79-

177 535 282 623 ginta
299 539 363 600 iam
387 538 453 602 dies
476 537 562 600 ferae
582 521 792 621 tempestates
815 537 946 622 fulgura
969 537 1108 601 tonitrus
1128 541 1160 601 et
1183 537 1348 601 terrebant
1371 537 1496 600 animos

178 640 217 700 et
240 657 377 720 corpora
400 635 600 720 frangebant.
647 657 735 698 arma
758 636 906 718 plurimis
929 637 1006 699 trita
1029 639 1119 698 erant
1142 657 1246 717 neque
1270 636 1375 698 solum
1400 657 1497 717 arma,

178 735 239 798 sed
273 735 381 797 omnia
413 755 495 816 quae
527 733 716 816 induebant,
748 738 785 797 ut
817 734 983 818 barbarica
1015 737 1103 797 veste
1135 737 1310 816 uterentur,
1341 730 1496 796 Indorum

177 833 355 896 conscissis
383 829 595 917 mantelis.²⁵⁷)
643 852 739 913 quam
767 832 908 895 militum
937 832 1158 895 condicionem
1186 832 1335 895 miseram
1358 853 1399 895 ne
1423 829 1497 894 Ale-

177 931 305 995 xander
329 930 457 1012 quidem
481 929 697 1014 praetervidit,
721 930 777 994 sed
799 951 863 1012 qua
886 934 954 993 erat
977 930 1077 993 animi
1100 930 1322 1015 magnitudine
1345 929 1424 1012 ipse,
1447 951 1497 992 ea-

178 1030 256 1092 dem
280 1029 400 1092 milites
430 1049 504 1091 suos
528 1049 597 1092 esse
620 1027 754 1111 putavit.
801 1028 966 1091 audiverat
990 1032 1098 1091 autem
1121 1049 1187 1091 non
1210 1027 1305 1091 facile
1328 1048 1423 1110 posse
1442 1047 1497 1090 eos

178 1127 300 1190 adduci
322 1130 359 1189 ut
382 1147 415 1190 se
439 1130 527 1189 trans
551 1124 733 1208 Hyphasim
757 1121 1028 1211 sequerentur.2⁵⁸)
1076 1130 1252 1190 conventus
1276 1147 1371 1211 agere
1390 1125 1424 1187 in
1447 1145 1497 1188 ca·

178 1225 259 1289 stris
282 1223 474 1288 Macedones
498 1220 725 1308 sociosque²⁵⁹)
749 1223 951 1308 deplorantes
970 1223 1089 1306 partim
1112 1223 1284 1307 fortunam,
1307 1223 1425 1307 partim
1448 1223 1497 1285 in-

179 1323 343 1386 solentius
375 1321 435 1386 hac
469 1322 598 1404 quidem
622 1322 656 1384 in
679 1344 713 1385 re
735 1325 889 1407 negantes
912 1323 964 1385 vel
987 1319 1171 1386 Alexandro
1196 1322 1269 1386 duci
1294 1343 1328 1385 se
1351 1342 1419 1384 esse
1443 1321 1497 1384 ob-

177 1425 427 1504 temperaturos.

275 1517 379 1594 Quare
409 1518 610 1604 singularum
641 1518 807 1603 legionum
840 1519 935 1582 duces
968 1539 1041 1582 cum
1074 1517 1233 1581 militibus
1265 1517 1370 1581 voluit
1404 1537 1497 1602 agere

176 1618 288 1700 iisque
319 1617 509 1700 persuadere
541 1620 578 1679 ut
600 1637 696 1700 porro
729 1617 821 1680 irent.
868 1617 1057 1681 convocavit
1079 1617 1179 1702 igitur
1201 1617 1367 1701 legionum
1391 1616 1497 1688 duces,

177 1719 217 1780 et
239 1715 431 1778 Macedones
464 1718 496 1778 et
529 1711 701 1801 soci0s²⁶⁰),
734 1716 947 1798 exposuitque
979 1735 1076 1797 quam
1105 1715 1173 1778 sine
1197 1735 1292 1778 causa
1315 1717 1495 1778 metuerent

176 1815 294 1878 hostes
317 1817 406 1877 trans
431 1811 574 1897 Gangem
597 1812 788 1876 habitantes.
836 1835 961 1896 semper
988 1835 1038 1876 res
1062 1833 1152 1876 veras
1176 1813 1287 1897 augeri
1309 1813 1404 1876 fama.
1448 1833 1496 1875 ea-

179 1913 259 1975 dem
290 1911 357 1974 fere
388 1911 467 1974 olim
500 1910 539 1973 de
563 1908 641 1973 Asia
663 1907 814 1995 Aegypto
847 1909 977 1975 Perside
1000 1909 1106 1974 Media
1137 1909 1294 1993 Indiaque
1326 1910 1396 1994 ipsa
1429 1931 1498 1974 esse

180 2013 327 2093 narrata3
361 2030 440 2091 quas
471 2029 558 2072 nunc
591 2029 701 2072 omnes
733 2013 834 2072 terras
867 2009 901 2072 in
933 2031 1023 2072 suam
1060 2009 1259 2092 redegissent
1295 2011 1497 2092 potestatem.

180 2108 312 2171 nullum
335 2107 405 2170 viro
438 2110 523 2170 certe
556 2127 712 2191 generoso
743 2107 841 2170 finem
866 2127 934 2170 esse
957 2107 1114 2188 laborum,
1138 2127 1235 2188 quam
1259 2106 1385 2169 labores
1409 2107 1498 2188 ipsos

181 2211 267 2289 quot
299 2205 429 2288 quidem
462 2205 502 2268 ad
534 2205 669 2290 gloriam
696 2205 856 2268 ducerent.
900 2226 1003 2287 neque
1026 2205 1166 2267 multum
1189 2201 1286 2268 Asiae
1308 2209 1429 2268 restare
1452 2203 1499 2266 in-

180 2305 316 2368 victum.
363 2303 451 2366 facili
479 2303 592 2366 itinere
625 2325 658 2366 se
681 2301 871 2366 Macedones
903 2302 1070 2384 sociosque
1094 2303 1323 2385 perducturum
1348 2302 1388 2365 ad
1410 2324 1497 2365 mare

179 2403 350 2484 orientale,
375 2401 462 2484 quod
485 2421 558 2464 oum
577 2399 742 2483 Hyrcanio
767 2402 935 2464 cohaerere
959 2422 993 2464 se
1016 2401 1320 2483 demonstraturum,
1339 2421 1498 2464 conexum

182 2503 295 2564 autern
320 2521 388 2563 esse
411 2497 557 2562 indicum
590 2519 663 2562 cum
687 2497 827 2562 Persico·
871 2499 945 2562 inde
978 2520 1011 2562 se
1038 2498 1174 2581 Libyam
1207 2498 1498 2562 circumvectumm

180 2619 289 2680 usque
313 2597 354 2661 ad
376 2595 525 2660 Herculis
550 2596 716 2660 columnas
739 2600 905 2679 totamque
928 2595 1141 2660 Macedonum
1166 2618 1199 2658 se
1223 2596 1427 2660 subditurum
1450 2618 1498 2659 ar-

179 2696 292 2778 bitrio,
315 2699 351 2758 ut
374 2695 454 2759 fines
477 2695 570 2780 regni
593 2699 708 2779 essent,
732 2715 811 2777 quos
835 2696 904 2778 ipse
928 2696 1005 2759 deus
1028 2695 1198 2778 posuisset,
1228 2699 1346 2758 terram
1370 2691 1497 2758 Oceano

180 2795 327 2878 cingens.
373 2814 460 2857 nunc
493 2793 520 2856 si
552 2793 752 2876 revertimus,
784 2794 906 2856 multae
937 2798 1025 2857 trans
1049 2791 1231 2877 Hyphasim
1264 2791 1372 2875 inquit
1402 2793 1498 2856 relin-

180 2896 328 2976 quuntur
351 2896 462 2975 gentes
486 2885 757 2973 bellicosissimae,
780 2892 901 2955 multae
924 2892 1021 2955 etiarn
1046 2891 1311 2974 septentrionales
1334 2889 1497 2972 usquead

180 3011 272 3054 mare
296 2988 509 3072 Hyrcanium,
542 2993 638 3072 atque
671 2989 858 3072 timendum,
891 2990 918 3052 si
941 2989 1117 3071 redeamus,
1146 2989 1242 3052 etiam
1267 3011 1303 3052 ea
1327 3010 1409 3071 quae
1433 2989 1497 3051 iam

182 3087 376 3173 subegimus
400 3087 544 3151 nondum
568 3107 699 3170 prorsus
728 3091 841 3170 pacata
872 3091 904 3150 et
928 3088 1056 3150 subdita
1079 3088 1119 3150 ab
1143 3087 1273 3150 invictis
1296 3086 1360 3150 illis
1384 3087 1423 3150 ad
1448 3084 1499 3148 de-

180 3186 357 3250 fectionem
390 3207 431 3249 ne
461 3186 644 3248 incitentur.
690 3189 760 3248 tum
793 3189 878 3248 certe
907 3189 976 3250 tota
1010 3207 1106 3268 opera
1138 3189 1249 3248 nostra
1271 3186 1392 3249 frustra
1415 3187 1499 3248 esset

181 3288 385 3367 consumpta.
423 3284 526 3347 multo
542 3288 649 3347 autem
664 3284 819 3347 maiorem
842 3283 949 3347 afferri
973 3289 1005 3348 et
1024 3305 1150 3367 semper
1163 3287 1346 3347 manentem
1362 3283 1498 3367 gloriam

180 3382 426 3464 Macedonibus,
459 3382 485 3444 si
509 3385 627 3445 terram
652 3382 815 3466 cognitam
839 3386 942 3446 totam
970 3385 1116 3445 tenerent
1145 3381 1319 3464 subactam,
1350 3380 1498 3463 quamsi

181 3479 325 3544 Thraces
357 3481 514 3544 finitimos
545 3485 601 3544 aut
632 3478 760 3563 illyrios
793 3484 848 3543 aut
872 3479 1033 3543 Triballos
1066 3483 1122 3542 aut
1146 3477 1339 3542 Graecorum
1363 3477 1498 3541 infestos

183 3579 346 3642 debellare
366 3582 566 3642 conarentur.
600 3577 737 3662 denique
756 3579 784 3641 si
803 3579 872 3662 ipse
887 3579 952 3641 dux
971 3577 1098 3641 nullum
1116 3577 1260 3640 laborem
1279 3577 1405 3640 nullum
1425 3576 1498 3639 sub-

185 3678 248 3740 iret
272 3677 462 3760 periculum,
486 3677 601 3740 merito
625 3675 740 3740 animis
764 3677 945 3758 deficerent,
968 3677 1024 3740 sed
1042 3679 1074 3739 et
1092 3676 1219 3738 labores
1234 3675 1297 3738 sibi
1311 3695 1498 3738 communes

182 3797 253 3838 esse
278 3795 352 3837 cum
376 3775 442 3836 illis
466 3779 498 3837 et
521 3775 663 3858 praemia
688 3775 722 3836 in
744 3774 850 3838 medio
873 3774 1029 3838 ‘omnibus
1053 3774 1164 3838 iacere.
1211 3770 1290 3836 Asia
1313 3794 1389 3836 vero
1414 3794 1498 3836 sum-

181 3874 283 3937 missa
306 3876 375 3936 tota
398 3894 465 3950 non
487 3873 583 3936 modo
608 3872 864 3956 exspectationes
887 3871 1090 3958 singulorum
1109 3892 1179 3935 sesi
1202 3871 1406 3954 expleturum
1430 3891 1498 3934 esse

276 4131 339 4198 257)
359 4127 394 4180 cf.
414 4127 494 4181 Diod.
511 4127 595 4194 XVII,
608 4133 670 4194 94,1
681 4145 720 4197 sq.

275 4203 338 4267 258)
358 4199 433 4253 solus
452 4199 590 4252 Diodorus
609 4199 627 4251 l.
642 4199 660 4252 Ι.
677 4207 692 4251 3
711 4200 794 4253 nimis
813 4201 883 4254 mire
902 4201 955 4254 hoc
972 4199 1104 4253 tradidit:
1131 4198 1255 4252 militum
1272 4197 1498 4252 benevolentiam

183 4271 377 4324 Alexandrum
397 4285 496 4338 capere
515 4270 635 4324 voluisse
654 4271 806 4325 beneficiis.
845 4272 984 4325 dimisisse
1008 4287 1055 4325 eos
1078 4272 1111 4323 ut
1129 4271 1283 4324 secundum
1300 4269 1416 4322 fluvium
1434 4285 1498 4337 pro-

184 4343 345 4412 gredientes
359 4343 495 4410 praedam
509 4345 646 4410 quantam
664 4343 769 4396 vellent
784 4346 911 4411 agerent3
930 4343 1039 4398 interea
1053 4341 1184 4396 mulieres
1199 4342 1358 4408 liberosque
1373 4339 1498 4409 coegisse

185 4415 310 4468 militum
329 4415 358 4466 et
375 4413 516 4482 prioribus
535 4413 707 4467 frumentum
725 4414 841 4468 iussisse
860 4415 922 4468 dari
940 4415 969 4467 in
997 4430 1130 4480 mensem,
1157 4412 1359 4482 posterioribus
1378 4427 1430 4480 pro
1447 4427 1498 4479 pa-

185 4488 297 4540 rentum
317 4485 457 4554 stipendio
477 4485 627 4554 pecuniam
645 4485 752 4538 donari.

276 4558 339 4626 ato)
358 4557 408 4610 hos
428 4556 502 4610 solos
520 4556 658 4610 restitisse
676 4556 815 4610 voluntati
835 4556 989 4610 Alexandri
1008 4573 1042 4610 ex
1060 4556 1179 4610 Arriano
1199 4557 1318 4625 apparet
1336 4554 1411 4622 cf.V,
1422 4559 1497 4621 2523

190 4633 214 4680 3.
235 4633 304 4695 28,3,
324 4630 353 4682 et
371 4627 497 4696 Droysen
515 4627 534 4680 l.
548 4627 566 4680 l.
582 4627 608 4679 Π
626 4646 653 4695 p.
670 4633 720 4680 157
741 4628 805 4681 adn.
823 4635 845 4680 1.

276 4704 329 4752 260
359 4699 513 4753 exercitum
536 4700 627 4752 totum
651 4699 805 4752 allocutum
829 4715 888 4752 esse
907 4699 1098 4753 Alexandrum
1117 4699 1256 4753 Diodorus
1277 4699 1305 4752 et
1324 4697 1436 4752 Curtius
1456 4697 1499 4750 di-

189 4773 262 4825 cunt.
300 4701 384 4824 fidem
402 4771 537 4825 maiorem
555 4771 674 4824 Amiano
693 4770 854 4824 habendam
873 4787 932 4824 esse
952 4772 1032 4826 duco.
1070 4770 1104 4824 ef.
1120 4771 1247 4840 Droysen
1260 4769 1286 4823 II
1304 4788 1332 4840 p.
1348 4774 1407 4824 159.
