3496 5308
845 335 1067 400 ..16-

302 497 472 562 decurrens
491 496 632 561 undosus
651 500 720 560 erat
739 499 772 560 et
785 495 957 561 vehemens
972 495 1064 560 -in
1082 495 1213 560 sinistra
1226 495 1295 560 eius
1309 493 1380 580 ripa
1395 494 1611 584 Cratenrmffl)

302 617 375 660 cum
399 594 562 680 peditibus
586 593 707 678 passim
732 593 822 678 sequi
846 593 950 659 iussit.
987 593 1055 678 ipse
1074 593 1254 678 adsumptis
1274 593 1439 678 equitibus
1458 596 1611 660 omnibus

303 697 336 756 et
359 693 568 757 Macedonum
592 691 759 776 peditibus
782 691 847 756 fere
871 689 979 757 DCCC
1004 713 1077 756 cum
1101 691 1202 756 scutis
1225 689 1429 775 pedestribus
1452 691 1487 756 in
1509 715 1611 777 equos

301 789 510 875 impositisss)
538 789 686 854 celeriter
714 789 820 873 duxit,
847 789 957 854 audito
985 789 1126 854 colentes
1154 788 1244 853 illam
1265 790 1430 875 regionem
1455 789 1610 856 barbaros

302 889 485 976 confugisse
509 888 543 952 in
566 891 693 952 montes
717 891 750 951 et
771 887 869 951 urbes
892 887 1041 952 munitas.
1083 887 1207 952 medius
1231 890 1301 951 tum
1321 887 1388 952 fere
1407 886 1470 951 fuit
1489 888 1609 952 mensis

300 984 531 1074 November⁴²)
564 989 596 1049 et
628 985 775 1072 regiones
806 988 976 1050 montanae
1004 985 1134 1050 nivibus
1163 989 1302 1070 opertae.
1352 988 1449 1069 atque
1477 986 1609 1051 urbium

301 1087 412 1150 statim
435 1085 557 1170 primae
579 1083 614 1147 in
637 1083 751 1148 itinere
771 1083 851 1147 sitae
870 1083 1048 1148 exereitum
1066 1083 1218 1148 admovit.
1255 1085 1412 1168 processit
1432 1087 1539 1148 autem
1555 1083 1609 1148 via

301 1205 383 1268 quae
401 1181 496 1247 hodie
516 1182 655 1246 conectit
673 1180 1135 1268 lilinum-Paschat-NawagAi.
1172 1179 1265 1245 facile
1284 1181 1449 1266 compulit,
1470 1181 1526 1265 qui
1547 1204 1608 1266 pro

300 1281 382 1346 urbe
406 1279 624 1364 occurrebant,
646 1279 680 1343 in
704 1280 817 1364 ipsam.
862 1301 968 1363 neque
991 1283 1100 1344 tamen
1127 1277 1243 1343 urbem
1266 1277 1387 1362 duplici
1410 1301 1501 1344 muro
1526 1280 1609 1344 cinc-

300 1383 369 1443 tam
392 1400 577 1465 oppugnare
599 1377 656 1442 illo
680 1376 731 1441 die
754 1399 850 1442 ausus
874 1381 930 1441 est.
977 1399 1052 1441 nam
1076 1381 1108 1440 et
1130 1375 1244 1440 militis
1268 1399 1307 1440 ex
1331 1376 1445 1440 itinere
1468 1376 1607 1464 fatigati,

301 1499 406 1562 neque
423 1475 573 1542 Craterus
596 1475 699 1539 adhue
718 1474 827 1540 aderat
851 1497 923 1540 cum
941 1472 1107 1560 peditibus
1126 1478 1158 1538 et
1176 1473 1333 1539 machinis
1352 1475 1607 1562 oppugnatoriis.

304 1578 375 1660 ipse
408 1576 505 1639 etiarn
535 1596 592 1638 rex
624 1574 689 1637 telo
722 1596 780 1658 per
811 1573 942 1638 loricam
969 1573 1004 1637 in
1031 1572 1200 1638 humerum
1227 1573 1341 1638 leviter
1367 1573 1451 1637 ictus
1479 1576 1547 1637 erat
1574 1577 1608 1637 et

302 1673 505 1738 Ptolemaeus
533 1671 615 1758 Lagi
637 1671 659 1735 f.
687 1671 873 1736 vulneratus
901 1675 933 1734 et
956 1671 1149 1736 Leonnatus.
1195 1674 1300 1735 eastra
1327 1671 1430 1757 igitur
1460 1671 1609 1756 munivit,

302 1771 358 1836 ubi
375 1770 595 1856 ¹potissimum
627 1770 704 1834 urbs
737 1771 915 1856 expugnari
947 1791 1044 1853 posse
1076 1769 1245 1834 videretur.
1301 1771 1431 1852 postero
1465 1768 1514 1832 die
1547 1771 1608 1834 sub

301 1869 420 1956 lucem,
449 1891 522 1933 cum
544 1869 666 1932 interea
690 1865 884 1954 Craterus⁴⁸)
909 1867 1108 1952 accessisset,
1135 1888 1263 1930 murum
1286 1865 1479 1932 exteriorem
1501 1867 1610 1932 minus

301 1967 383 2032 bene
420 1970 621 2032 exstructum
657 1965 744 2029 facili
781 1987 879 2050 opera
915 1965 1108 2050 superabant
1139 1963 1346 2050 Macedones,
1384 1964 1423 2028 ab
1455 1965 1609 2030 interiore

302 2070 410 2130 tamen
433 2086 591 2129 recessere
615 2063 743 2127 demum
770 2061 914 2150 barbari,
942 2085 1014 2128 oum
1037 2061 1140 2128 scalae
1164 2061 1344 2127 adiacerent
1368 2065 1400 2126 et
1422 2062 1496 2126 telis
1519 2063 1608 2128 omni

302 2186 343 2228 ex
376 2167 468 2248 parte
501 2161 673 2226 ferirentur
705 2161 761 2245 qui
794 2183 999 2247 propugnare
1029 2161 1156 2225 vellent.
1211 2182 1314 2245 neque
1342 2164 1451 2224 tamen
1478 2161 1546 2247 regi
1574 2184 1608 2226 se

302 2252 415 2326 dedere
448 2259 503 2326 sed
535 2259 639 2344 portis
666 2259 798 2323 reclusis
827 2259 861 2323 in
888 2262 1014 2324 montes
1042 2259 1182 2345 effugere
1211 2259 1419 2323 conabantur.
1471 2281 1609 2343 quorum

302 2382 376 2444 pars
398 2358 432 2422 in
455 2357 527 2442 ipsa
549 2358 627 2443 fuga
650 2357 790 2440 tollitur,
818 2379 899 2441 quos
922 2357 1012 2421 rivos
1035 2378 1146 2441 cepere
1171 2379 1294 2442 omnes,
1317 2356 1402 2440 quod
1425 2355 1609 2422 Alexander

300 2457 487 2522 vulneratus
519 2453 663 2541 essere),
692 2455 881 2520 interfecere
908 2454 1112 2540 Macedones3
1144 2454 1301 2538 plurimos
1325 2455 1360 2518 in
1382 2459 1508 2520 montes
1532 2455 1608 2519 urbi

301 2557 502 2640 propinquos
521 2554 613 2618 licuit
632 2553 773 2637 evadere,
795 2553 909 2618 urbem
927 2553 1032 2637 ipsam
1051 2552 1136 2616 ferro
1156 2553 1289 2638 ignique
1307 2553 1446 2618 vastavit
1464 2552 1606 2618 Macedo

302 2731 473 2798 nominatur,
497 2730 616 2784 eundem
642 2745 702 2783 esse
726 2731 811 2798 atque
835 2745 899 2782 eum
922 2727 971 2798 qui
994 2727 1079 2782 hodie
1098 2727 1216 2799 Alingtr
1240 2728 1398 2799 appellatur
1420 2728 1465 2783 vel
1483 2729 1551 2784 Kow
1571 2729 1606 2784 cf.

300 2802 463 2872 Hertzberg.
492 2802 518 2855 II
535 2821 561 2871 p.
582 2808 634 2855 212
659 2803 687 2854 et
710 2817 777 2855 sane
801 2800 931 2854 similiter
954 2803 1035 2854 sonat
1053 2799 1122 2854 Kow
1141 2803 1169 2854 et
1187 2797 1271 2869 Χόης,
1289 2803 1385 2854 tamen
1402 2817 1438 2854 ne
1456 2800 1510 2854 hac
1529 2801 1606 2855 vocis

302 2873 486 2928 similitudine
505 2890 668 2927 moneamur
686 2872 719 2927 cf.
735 2873 811 2927 Lass.
827 2873 860 2940 Π,
877 2878 935 2926 137.
969 2888 1053 2941 supra
1072 2872 1109 2924 ad
1122 2871 1262 2942 Alishang
1277 2870 1392 2926 fluvium
1405 2871 1607 2926 Alexandriam

301 2945 445 2999 conditam
468 2961 527 2998 esse
551 2943 622 3011 dixi,
645 2944 720 2998 unde
739 2943 898 2998 Alexander
921 2943 958 2996 ad
976 2942 1135 3012 Cophenem
1158 2959 1254 2997 versus
1280 2959 1442 3014 progressus
1461 2946 1510 2998 est.
1548 2943 1606 2998 iam

301 3017 348 3071 vix
366 3016 485 3086 AlingAr
503 3015 591 3070 Choes
615 3031 675 3068 esse
698 3017 800 3084 potest.
837 3031 924 3083 qrrare
948 3013 1078 3083 equidem
1097 3013 1260 3068 Lassenium
1283 3031 1396 3084 sequor,
1419 3014 1469 3083 qui
1487 3014 1551 3068 aliis
1570 3016 1605 3068 de

302 3087 394 3142 causis
417 3088 461 3157 (cf.
483 3087 644 3156 ss,1scsq.
666 3088 736 3156 138.)
761 3085 864 3140 Choem
887 3088 916 3140 et
937 3085 1105 3139 nostratium
1128 3085 1245 3139 Khunar
1269 3086 1316 3154 (ab
1341 3086 1411 3139 urbe
1432 3086 1605 3140 Rha-narr-

301 3161 485 3230 Khu-nagara
508 3158 691 3228 appellatum)
714 3157 827 3226 putavIt
850 3174 909 3211 esse
929 3157 1055 3212 eundem.
1093 3156 1271 3211 Ptolemaeus
1290 3156 1325 3226 (V
1326 3157 1359 3224 II,
1380 3163 1439 3226 1,26
1455 3160 1506 3228 sq.)
1524 3161 1605 3210 vocat

301 3233 395 3297 Κώαν,
414 3231 512 3284 eodem
535 3230 593 3282 fere
611 3229 724 3283 nomine
743 3232 827 3297 atque
846 3227 994 3296 Arrianus3
1014 3227 1189 3298 significatur
1207 3231 1302 3282 autem
1321 3229 1396 3297 apud
1414 3227 1602 3283 Ptolemaeum

301 3301 351 3355 illo
374 3301 487 3356 nomine
504 3301 622 3354 Khunar
643 3300 753 3356 fluvius.
789 3301 865 3354 Koas
889 3301 964 3368 apud
982 3299 1063 3352 illum
1082 3299 1205 3370 seiungit
1223 3299 1447 3369 Paropanisadae
1465 3302 1494 3354 et
1513 3300 1599 3354 Indos.

390 3385 435 3453 40)
455 3381 488 3436 cf.
508 3381 617 3435 Arrian.
636 3380 682 3448 IV,
702 3386 770 3450 233.
809 3379 883 3434 Cart.
902 3380 974 3449 VIII,
995 3384 1064 3449 10‚4.

390 3453 584 3524 suadentur
605 3452 692 3506 fuisse
714 3452 898 3522 bypaspistae
920 3454 1044 3521 (propter
1064 3453 1173 3506 scutum
1191 3452 1321 3520 pedestre
1340 3453 1603 3517 commemoratum).

302 3526 335 3580 cf.
355 3525 410 3578 Dro
431 3541 480 3578 sen
498 3525 523 3576 II
551 3529 610 3578 105.
683 3559 685 3564 -

390 3543 435 3667 Ity)
455 3595 489 3649 cf.
510 3567 630 3650 Slrabon
648 3594 699 3648 XV
717 3613 743 3665 p.
764 3601 814 3648 691
835 3594 904 3664 μετὰ
923 3594 954 3649 δὲ
973 3594 1080 3666 duopdcs
1098 3593 1247 3650 πελειάδων.

390 3672 435 3738 43)
454 3683 521 3720 sane
541 3667 576 3720 de
596 3665 709 3721 Cratero
733 3683 866 3736 aggresso
888 3665 960 3718 nihil
980 3666 1016 3719 ab
1035 3664 1154 3720 Arriano
1176 3665 1302 3720 refertur.
1341 3665 1389 3720 sed
1407 3668 1506 3735 postea
1525 3665 1607 3719 adest

302 3739 430 3793 Craterus
450 3739 494 3809 (ef.
514 3738 561 3806 IV,
580 3741 650 3808 23,5)
675 3740 704 3792 et
726 3737 871 3792 machinas
898 3737 957 3791 sine
985 3737 1071 3791 dubio
1096 3737 1132 3791 ad
1154 3736 1252 3791 urbem
1279 3738 1495 3807 expugnandam
1523 3740 1605 3806 aptas

301 3811 362 3880 ipse
381 3827 474 3864 secum
493 3811 530 3863 ad
548 3809 739 3864 Alexandrum
758 3809 846 3863 duxit.
889 3807 1000 3862 Curtius
1019 3808 1095 3877 VIII,
1120 3813 1181 3878 10‚o
1205 3809 1287 3862 claris
1310 3809 1401 3862 verbis
1421 3808 1506 3862 dixit:
1533 3808 1606 3862 ‘iam

649 3882 657 3907 Ὶ

302 3883 503 4022 superbesseriii,
517 3880 721 4022 Milibnniis'IV,
741 3959 801 4022 23,5
820 3955 924 4008 narrat.
944 3952 1020 4006 Curt.
1039 3951 1112 4018 VIII,
1133 3957 1193 4018 10,4
1216 3950 1406 4005 Alexandrum
1424 3950 1513 4032 tradit
1531 3931 1606 4003 mili-

301 4025 377 4079 tibus
396 4024 544 4078 mandasse
563 4026 595 4077 ut
613 4040 708 4078 ornnes
734 4041 818 4093 quam
841 4025 944 4078 multos
969 4027 1084 4093 possent
1106 4025 1249 4090 necarent,
1273 4025 1407 4076 terrorem
1429 4039 1605 4076 mcussurum

301 4097 380 4168 genti
398 4096 522 4150 nondum
541 4111 619 4149 arma
637 4095 822 4149 Macedonum
841 4098 979 4164 expertae.
1017 4093 1111 4148 Etiam
1129 4093 1246 4148 Diodori
1269 4093 1298 4147 in
1321 4093 1414 4147 indice
1437 4094 1508 4146 haec
1526 4108 1604 4162 repe-

300 4169 423 4222 riuntur:
447 4169 589 4236 ἀναίρεσις
612 4165 702 4235 ἄρδην
721 4175 770 4220 τοῦ
790 4167 901 4237 πρώτου
920 4165 1025 4228 ἔθνους
1037 4166 1107 4233 πρὸς
1120 4164 1292 4234 κατάπληξιν
1307 4174 1361 4220 τῶν
1376 4165 1473 4220 ἄλλων.
1506 4180 1605 4232 quum-

301 4257 386 4309 quam
413 4238 570 4308 Persepolis
597 4237 674 4291 urbis
702 4237 863 4292 incendium
891 4254 908 4291 a
934 4236 1136 4290 recentioribus
1164 4235 1306 4290 nonnullis
1333 4237 1494 4302 excusatur,
1522 4236 1605 4304 quasi

300 4315 434 4366 terrorem
462 4327 495 4364 eo
514 4326 648 4379 magnum
665 4308 787 4362 voluerit
804 4308 963 4362 Alexander
986 4307 1077 4362 Persis
1096 4307 1213 4376 inicere,
1232 4310 1327 4362 tamen
1345 4325 1401 4361 non
1421 4307 1552 4376 adducor,
1571 4309 1605 4360 ut

300 4383 416 4437 Diodori
436 4381 579 4449 Curtiique
603 4381 711 4434 auctori
734 4381 818 4434 fidem
840 4381 969 4434 habeam.
1012 4379 1121 4433 accedit
1143 4380 1219 4448 quod
1242 4396 1336 4433 omnes
1360 4377 1438 4432 illius
1461 4379 1539 4432 urbis
1561 4377 1605 4430 in-

301 4455 376 4509 colas
399 4453 555 4507 trucidatos
579 4469 639 4506 esse
666 4451 752 4506 refert
775 4451 899 4520 Curtius,
928 4469 990 4505 cum
1013 4451 1148 4504 Arrianus
1172 4449 1250 4505 dicat
1270 4451 1418 4520 plerosquo
1441 4449 1472 4502 in
1494 4451 1604 4504 montes

300 4543 356 4580 non
374 4524 471 4594 procul
490 4524 596 4578 absitos
615 4523 729 4594 fugisse.
766 4523 925 4576 Alexander
943 4522 1031 4592 igitur
1049 4539 1129 4576 suum
1148 4522 1249 4576 vulnus
1273 4525 1302 4575 et
1327 4521 1462 4574 virtutem
1479 4521 1603 4574 hostium

301 4613 384 4666 aegre
403 4597 494 4651 ferens
513 4595 699 4650 Macedonum
717 4594 889 4648 irritatorum
908 4594 1102 4648 crudelibatem
1120 4593 1233 4647 videtur
1250 4609 1348 4662 passus
1363 4608 1431 4646 esse.
1468 4592 1526 4646 iam
1541 4609 1604 4645 cum
1626 4619 1638 4630 a

301 4671 330 4722 et
356 4667 495 4722 Diodorus
523 4669 552 4720 et
571 4666 682 4721 Curtius
709 4667 740 4720 in
767 4667 821 4720 hac
847 4683 877 4720 re
905 4664 1061 4720 consentire
1084 4665 1240 4734 videantur,
1265 4666 1382 4732 apparet
1410 4657 1610 4718 Aristobulum’

301 4739 396 4796 Curtii
409 4743 552 4794 auctorem
569 4756 626 4792 uon
644 4739 730 4793 fuisse
749 4738 836 4810 (quod
853 4736 943 4792 voluit
960 4737 1058 4792 Lenius
1076 4755 1102 4806 p.
1124 4737 1175 4806 78).
