3506 5306
139 2541 149 2559 l
261 2477 374 2549 μανίαν.
404 2479 462 2532 iam
481 2480 565 2548 plane
584 2478 750 2533 incredibile
769 2480 813 2532 est
831 2478 866 2532 ab
886 2495 918 2531 eo
938 2477 999 2531 loco

788 337 1030 402 -122-

258 530 501 606 ceterorumque
524 521 736 586 Macedonum
761 522 840 602 quot
863 517 897 580 in
915 517 1052 600 patriam
1072 515 1157 579 bello
1177 514 1307 578 inutiles
1326 513 1390 576 iam
1410 513 1563 576 missurus

258 627 327 688 erat
350 623 384 686 in
408 620 609 685 Carmaniam
633 640 690 702 per
713 616 894 680 Arachotos
918 618 950 678 et
972 613 1119 699 Drangae
1143 612 1239 676 misit.
1278 609 1465 694 elephantos
1490 631 1565 692 quo-

259 743 321 805 que
345 718 475 784 Cratero
505 717 666 783 ducendos
694 715 826 779 traditit.
874 713 966 777 alteri
994 712 1151 776 exercitus
1179 710 1264 794 perti
1291 710 1384 793 eique
1408 708 1565 772 maximae

258 818 530 903 Hephaestionem
554 813 717 899 praefecit,
742 813 797 896 qui
819 813 853 875 in
875 812 947 894 ripa
969 808 1040 873 Iudi
1064 809 1174 873 dextra
1193 807 1297 892 duxit3
1320 808 1389 892 ipse
1408 828 1481 871 curn
1502 806 1565 870 suis

259 917 416 981 militibus
445 913 525 978 Indo
559 913 699 978 secundo
728 915 837 975 vectus
871 913 920 973 est
952 908 1143 992 quibuscum
1174 907 1288 970 solitus
1316 909 1397 988 erat,
1425 905 1566 988 exceptis

259 1013 418 1100 Agrianis,
443 1035 523 1097 quos
548 1035 620 1077 cum
640 1009 887 1094 hippacontistis
911 1007 1043 1070 Pithoni
1067 1003 1212 1088 satrapae
1236 1004 1389 1086 adiunxit,
1413 1004 1469 1086 qui
1488 1000 1566 1066 Indo

258 1113 446 1176 transmisso
475 1111 509 1174 in
535 1111 606 1194 ripa
634 1110 762 1172 sinistra
789 1108 884 1170 urbes
913 1107 977 1169 iam
1005 1105 1045 1168 ab
1070 1103 1251 1168 Alexandro
1281 1103 1421 1166 munitas
1446 1100 1567 1165 colonis

260 1214 388 1275 ornaret
411 1214 443 1274 et
467 1211 494 1272 si
518 1208 594 1291 quid
617 1205 688 1270 Indi
712 1208 800 1270 illam
819 1205 984 1289 regionem
1005 1204 1144 1266 colentes
1164 1206 1328 1282 novarent,
1352 1202 1566 1283 componeret.

259 1309 423 1372 mandavit
451 1311 557 1371 autem
586 1309 622 1368 ut
648 1304 784 1368 Pettalis
813 1326 846 1368 se
870 1301 1061 1366 conveniret.
1109 1322 1146 1364 ac
1173 1300 1280 1364 triduo
1310 1299 1374 1362 iam
1403 1298 1568 1383 navigavit

260 1408 338 1490 ipsc,
357 1428 430 1470 cum
450 1405 572 1468 audivit
585 1403 785 1467 Pattalorum
805 1402 984 1485 principem
1004 1402 1169 1482 assumpta
1182 1397 1414 1461 Pattalensium
1430 1397 1569 1460 maxima

260 1508 351 1588 parte
375 1526 414 1567 ex
436 1503 515 1566 urbe
542 1502 736 1588 regioneque
764 1501 888 1563 deserta
915 1499 1044 1584 fugisse.
1092 1518 1189 1580 quare
1213 1496 1346 1560 celerius
1370 1496 1434 1559 iem
1458 1499 1569 1560 vectus

260 1601 442 1666 Alexander
456 1605 531 1684 post
548 1604 613 1664 tres
634 1599 700 1662 dies
707 1595 760 1684 389)
775 1597 902 1661 Pattala
920 1596 1032 1660 urbem
1052 1595 1140 1658 venit
1159 1595 1326 1678 ipsamque
1346 1597 1377 1658 ct
1395 1595 1570 1680 regionem,

350 1839 412 1906 389)
432 1836 577 1891 Craterum
596 1836 632 1890 ab
651 1836 810 1890 Alexandro
835 1835 981 1888 dimissum
1005 1849 1064 1887 esse
1083 1832 1218 1886 Arrianus
1237 1835 1266 1885 et
1286 1832 1386 1887 Strabo
1400 1833 1451 1888 XV
1465 1853 1492 1904 p.
1509 1840 1568 1889 721.

261 1915 312 1962 725
330 1909 463 1963 referunt.
492 1911 588 1962 tacent
607 1909 641 1962 de
659 1925 690 1962 re
709 1907 822 1961 omnino
837 1906 977 1959 Diodorus
997 1907 1026 1958 et
1045 1904 1156 1958 Curtius
1176 1905 1290 1973 (erravit
1308 1905 1412 1958 Lassen
1426 1905 1452 1958 11
1465 1925 1492 1975 p.
1510 1912 1569 1975 189,

260 1981 304 2035 ad.
317 1983 351 2050 2).
381 1996 448 2034 sane
462 1979 608 2034 Craterum
622 1978 781 2033 Alexandro
800 1979 830 2032 in
845 1977 981 2031 Gedrosia
999 1975 1121 2030 moranti
1139 1975 1252 2029 nuntios
1267 1975 1379 2030 Curtius
1393 1977 1447 2030 scit
1460 1978 1571 2033 misisse

260 2069 320 2106 sese
340 2053 447 2120 cepisse
466 2050 572 2105 Ozinen
591 2053 620 2105 et
638 2051 799 2119 Zariaspem
817 2068 841 2103 v.
856 2049 902 2115 IX,
920 2053 1004 2116 10,19.
1042 2047 1130 2100 falsus
1150 2049 1193 2100 est
1210 2047 1311 2100 Iustini
1331 2051 1429 2102 auctor
1447 2049 1472 2102 si
1488 2049 1569 2118 Poly-

261 2123 430 2194 sperchonta
448 2141 512 2176 cum
531 2123 655 2176 exercitu
674 2123 703 2176 in
723 2121 909 2190 Babyloniam
928 2120 1044 2173 missum
1063 2134 1123 2172 esse
1143 2121 1251 2185 narrat,
1275 2122 1385 2187 spectat
1404 2120 1464 2174 sine
1483 2121 1570 2176 dubio

261 2195 369 2249 Crateri
396 2194 610 2264 expeditionem.
648 2195 706 2247 iam
734 2210 790 2262 qua
813 2193 859 2246 via
886 2209 953 2245 usus
981 2191 1019 2244 sit
1042 2190 1171 2244 Craterus
1200 2193 1275 2244 certo
1298 2191 1345 2244 vix
1373 2191 1429 2245 dici
1457 2194 1569 2262 poterit.

262 2267 362 2320 Strabo
381 2265 432 2319 XV
451 2285 477 2335 p.
499 2271 549 2318 721
573 2267 724 2334 postquam
749 2264 874 2318 narravit
900 2262 1042 2331 triplicem
1071 2262 1223 2316 exercitum
1247 2261 1348 2315 fecisse
1370 2263 1570 2332 Alexandrum,

262 2337 463 2404 Craterumque
481 2336 590 2390 misisse
610 2336 656 2404 (ab
675 2336 755 2404 Indo)
774 2335 823 2390 διὰ
846 2342 896 2402 τῆς
918 2331 1068 2404 μεσογαίας
1090 2333 1176 2402 paulo
1199 2333 1274 2386 infra
1297 2334 1390 2389 addit:
1428 2335 1571 2404 Κράτερος

261 2406 289 2462 δ’
311 2408 376 2462 ἀπὸ
400 2417 459 2462 τοῦ
475 2405 647 2463 Ὑδάσπου
670 2407 860 2476 ἀρξάμενος
883 2402 918 2461 δι’
941 2403 1102 2529 Ἀραρωτῶν
1130 2403 1173 2472 liet
1197 2405 1245 2458 καί
1268 2405 1406 2476 Δράγγων
1430 2407 1471 2470 είς
1494 2412 1570 2476 Καρ-

1027 2475 1111 2529 ndiae
1126 2476 1200 2529 unde
1216 2475 1346 2530 Craterus
1361 2477 1397 2531 ab
1411 2478 1571 2533 Alexandro

262 2551 393 2604 dimissus
412 2553 463 2617 est,
483 2567 546 2604 eum
564 2567 722 2620 regressum
745 2567 805 2603 esse
829 2550 866 2602 ad
885 2548 1048 2617 Hydaspem
1071 2548 1113 2601 ita
1136 2550 1168 2601 ut
1191 2563 1241 2616 per
1259 2547 1433 2618 Taxilarum‚
1453 2550 1571 2604 Assace-

261 2640 361 2676 norum
379 2622 651 2692 Paropanisadarum
670 2622 798 2691 regiones
817 2621 916 2675 eadem
938 2637 1021 2673 usum
1038 2618 1085 2672 ria
1104 2636 1160 2687 qua
1178 2619 1338 2674 Alexander
1355 2621 1465 2676 Indiam
1483 2621 1571 2676 intra-

261 2697 348 2760 verat,
369 2696 397 2747 et
416 2693 482 2747 inde
500 2710 551 2762 per
569 2693 725 2748 Arachotos
739 2692 925 2762 Drangasque
943 2691 973 2744 in
988 2689 1166 2744 Carmaniam
1184 2691 1355 2760 procederet.
1384 2708 1476 2762 neque
1495 2694 1571 2764 cogi-

262 2765 318 2819 tari
336 2766 431 2834 potest
453 2766 506 2819 hoc
530 2765 591 2818 loco
616 2767 758 2818 auctorem
782 2763 928 2818 Strabonis
947 2762 1067 2816 voluisse
1092 2762 1184 2816 dicere
1209 2761 1354 2817 Craterum
1377 2763 1413 2817 ab
1437 2765 1571 2834 Hydaspe

262 2837 317 2891 iter
335 2837 435 2890 fecisse
459 2853 522 2890 cum
546 2835 684 2890 militibus
707 2852 796 2904 usque
819 2836 849 2888 in
868 2834 1046 2888 Carmaniam
1066 2850 1232 2888 —revera
1255 2850 1323 2888 sane
1341 2834 1471 2890 Craterus
1495 2853 1572 2890 exer-

264 2907 336 2962 citus
355 2910 465 2976 partem
484 2909 541 2961 iam
560 2907 596 2961 ab
615 2907 749 2976 Hydaspc
768 2907 887 2961 duxerat
905 2939 939 2946 —
959 2906 1008 2959 sed
1031 2908 1125 2959 nostro
1149 2906 1211 2959 loco
1231 2906 1331 2960 Strabo
1351 2907 1386 2960 de
1404 2907 1496 2962 tribus
1514 2907 1571 2962 illis

262 2979 392 3048 partibus
415 2979 450 3034 ab
470 2979 629 3033 Alexandro
649 2978 762 3033 Cratero
786 2978 915 3034 Nearcho
939 2977 1031 3031 ductis
1055 2977 1148 3031 refert.
1186 2994 1273 3046 quare
1295 2977 1406 3032 librarii
1429 2980 1572 3047 mendum,

262 3069 319 3105 non
338 3050 484 3106 Strabonis
503 3067 623 3105 errorem
643 3051 703 3119 (qui
726 3053 833 3104 rectam
857 3049 964 3104 Crateri
982 3049 1057 3102 viam
1080 3066 1136 3102 non
1160 3048 1271 3119 ignoret
1294 3069 1320 3119 p.
1342 3054 1403 3117 725)
1427 3050 1457 3104 in
1480 3051 1572 3106 verbis

263 3121 322 3175 illis
341 3123 397 3176 ἀπὸ
417 3131 467 3176 τοῦ
481 3119 623 3176 ‘reclama
642 3121 797 3192 ἀρξάμενος
815 3124 884 3191 puto
899 3121 998 3174 inesse.
1027 3122 1139 3175 rectene
1152 3120 1332 3175 restituemus
1347 3121 1404 3176 drab
1417 3131 1468 3176 τοῦ
1479 3119 1572 3178 Ἰνδοῦ

263 3200 409 3262 ποταμοῦῖ
437 3196 542 3248 rectam
556 3196 652 3247 autem
667 3193 774 3247 Crateri
789 3194 863 3247 viam
883 3192 982 3246 Strabo
997 3191 1077 3246 nobis
1092 3192 1201 3246 indicat
1214 3191 1266 3246 XV
1278 3211 1306 3261 p.
1323 3198 1386 3246 725:
1405 3195 1470 3262 περί
1483 3202 1573 3248 ταῦτα

263 3263 296 3318 δέ
314 3264 423 3318 ποντα
442 3263 510 3334 μέρη
529 3272 588 3334 τῆς
611 3263 738 3334 ὁμόρου
761 3263 944 3338 τῇἺνδιαῇ
967 3265 1015 3318 καί
1038 3263 1089 3332 τὴν
1108 3263 1293 3332 Χααρηνὴν
1317 3260 1391 3318 εἶναι
1415 3262 1571 3391 συμβαίνει.

265 3337 323 3390 ἔστε
347 3337 377 3390 ol
396 3345 452 3390 τῶν
475 3337 531 3390 ὑπὸ
554 3345 614 3399 τοῖς
632 3334 815 3405 Παρθυαίοις
838 3335 908 3404 αὕτη
931 3333 1183 3405 προσεχεστάτη
1207 3339 1246 3408 τῇ
1266 3332 1404 3408 Ἰνδικῇ·
1431 3339 1460 3390 δι
1475 3355 1518 3407 χει
1541 3336 1573 3392 δὲ

263 3415 313 3475 τῆς
326 3404 453 3498 Άριανῆς
472 3404 506 3462 δι’
528 3404 687 3478 Ἀραχωτῶν
710 3409 758 3462 καί
780 3415 830 3476 τῆς
848 3410 876 3461 le
894 3404 994 3476 θείσης
1012 3406 1123 3474 ὀρεινῆς
1142 3404 1273 3468 σταδίους
1291 3404 1470 3480 μαρίονς<ἢ>
1490 3407 1573 3462 ἐννα-

264 3482 421 3548 κισχιίιοας.
459 3477 627 3548 ταύτηνδὲ
646 3478 697 3548 τὴν
720 3480 814 3551 χώραν
838 3429 948 3542 διεξιὼν
967 3477 1122 3546 Κροίσέρος,
1146 3477 1404 3548 καταστρεφόμενος
1427 3479 1485 3549 ἅμα
1508 3481 1575 3543 τοὺς

264 3551 469 3616 ἀπειθοῦντας,
493 3549 537 3617 ἥει
561 3550 691 3619 συμμῖξαι
713 3551 764 3620 τὴν
788 3571 822 3604 τα
842 3548 920 3618 ίστην
944 3549 1072 3604 σπεύδων
1095 3553 1133 3622 τῷ
1148 3551 1256 3620 βασιλεῖ
1277 3550 1330 3604 aaa.
1369 3567 1442 3619 quae
1460 3551 1511 3605 illa
1530 3554 1575 3605 est

265 3620 407 3675 Charene?
436 3623 491 3675 sita
510 3624 570 3676 erat
589 3622 744 3676 secundum
763 3572 926 3676 Strahonem
945 3620 1019 3675 inter
1032 3620 1236 3675 Arachotarum
1254 3622 1398 3691 regionem
1413 3625 1441 3676 et
1454 3622 1573 3676 Indiam.

264 3693 323 3744 iam
341 3692 365 3744 si
379 3693 491 3746 chartas
505 3693 674 3748 nostratium
688 3693 775 3764 (velut
789 3693 1002 3748 Herrichianam
1016 3691 1206 3761 Afghanistan
1220 3693 1322 3763 terrae)
1336 3693 1480 3763 inspicias,
1495 3695 1575 3748 extat

265 3762 349 3817 hodie
373 3781 484 3833 quoque
507 3765 585 3835 regio
608 3765 668 3818 lata
692 3765 807 3818 issaran
831 3763 885 3834 (vel
910 3763 1029 3834 Charen)
1054 3766 1083 3818 et
1104 3764 1171 3818 urbs
1194 3765 1322 3832 Rharion,
1345 3782 1396 3833 per
1419 3782 1504 3833 quam
1526 3765 1575 3819 via

266 3851 377 3902 quoque
401 3835 480 3889 ducit
503 3853 536 3890 ex
559 3836 640 3889 India
667 3836 697 3888 in
720 3836 888 3903 Arachotos;
914 3835 1028 3889 nomino
1056 3835 1182 3906 singulas
1209 3835 1291 3890 urbes
1315 3835 1400 3890 Alere
1422 3837 1507 3905 (unde
1530 3837 1575 3889 di-

265 3923 377 3976 gressus
396 3909 439 3960 est
458 3905 606 3978 Craterus),
626 3907 748 3973 Sakhar,
768 3907 935 3976 Shikarpur‚
954 3906 1131 3975 Iakobabad‚
1152 3906 1301 3973 Cardava,
1320 3911 1382 3961 tum
1400 3909 1446 3961 via
1466 3907 1575 3960 ‘Mula-

265 3977 348 4031 Pass’
369 3977 400 4029 in
417 3978 564 4033 meridiem
583 3994 705 4032 convexa
724 3979 839 4032 Kharan
857 3979 888 4031 in
905 3978 1011 4032 urbem.
1045 3979 1111 4031 hinc
1125 3979 1182 4032 iam
1196 3978 1226 4031 in
1241 3979 1459 4047 septentrionem
1477 3996 1574 4033 versus

266 4048 420 4102 Kandahar
446 4049 476 4101 in
501 4050 599 4104 urbem
623 4050 662 4118 (in
685 4049 801 4120 regione
823 4050 1051 4119 Arachotorum),
1075 4049 1141 4104 inde
1164 4050 1210 4104 via
1233 4066 1331 4120 regum
1354 4052 1435 4118 („a1te
1458 4049 1574 4121 arrige:

266 4119 375 4189 trahet
395 4120 432 4172 ad
450 4121 548 4175 urbem
567 4122 639 4175 Fara
658 4121 786 4191 (Ferrah3
807 4121 985 4191 Drangarum
1004 4121 1032 4173 in
1057 4121 1177 4190 finibus),
1196 4123 1256 4175 tum
1296 4139 1326 4176 er
1343 4121 1401 4174 Nih
1421 4123 1457 4176 ad
1475 4121 1575 4176 urbem

266 4191 388 4245 Kerman
407 4191 583 4261 (Carmaniae
611 4195 709 4262 caput,
738 4192 788 4246 ubi
816 4210 880 4246 cum
902 4193 1062 4246 Alexandro
1091 4192 1243 4262 convenit),
1272 4140 1401 4248 Arsuras
1427 4193 1573 4263 processit.

266 4262 381 4316 Kharan
399 4263 459 4316 lata
482 4263 533 4316 illa
555 4263 633 4334 regio
652 4266 692 4333 (et
709 4263 786 4333 urbs)
810 4265 880 4317 mihi
900 4263 1045 4318 Strabonis
1065 4263 1201 4333 Χααρήνη
1219 4264 1331 4319 videtur
1349 4281 1417 4319 esse.
1455 4264 1576 4320 fortasse

267 4337 381 4402 propter
404 4335 569 4403 elephantos
592 4353 649 4389 non
675 4352 727 4404 per
753 4336 860 4390 medios
886 4337 994 4390 montes
1019 4335 1210 4406 (Bolan-Pass)
1233 4335 1444 4405 profectusest.
1465 4353 1576 4404 —qua

267 4421 352 4458 causa
376 4409 531 4460 commotus
555 4423 602 4460 rex
622 4406 767 4461 Craterum
790 4407 930 4462 dimiserit
951 4406 1121 4477 ignoramus.
1160 4407 1286 4475 Droysen
1304 4408 1330 4460 Π
1348 4427 1375 4478 p.
1396 4413 1447 4460 200
1466 4407 1576 4462 factum

267 4493 328 4530 esse
346 4477 467 4546 scripsIt,
487 4478 563 4546 quod
582 4495 717 4532 novarum
735 4496 827 4534 rerum
846 4479 986 4533 studiosos
1005 4477 1151 4548 regionum
1164 4478 1278 4532 illarum
1293 4479 1436 4534 cohiberet
1454 4478 1576 4548 populos

267 4548 477 4619 castigaretque
496 4567 564 4620 quos
583 4553 754 4620 peragraret.
784 4569 856 4606 unus
876 4568 943 4605 sane
963 4549 1063 4604 Strabo
1082 4569 1109 4619 p.
1126 4555 1175 4604 721
1197 4550 1269 4603 dixit
1287 4549 1433 4620 Κρατέρον
1449 4595 1453 4604 .
1471 4595 1475 4604 .
1493 4593 1498 4605 .
1514 4549 1575 4620 ἅμα

267 4619 448 4691 χειρονμένοο
475 4641 504 4676 τε
531 4621 582 4691 τὴν
605 4618 733 4690 Άριοίνην
753 4665 757 4674 .
781 4665 785 4674 .
807 4665 811 4674 .
832 4625 861 4676 et
883 4641 910 4692 p.
931 4627 983 4676 725
1006 4619 1267 4690 καταστρεφόμενος
1288 4623 1575 4686 conservassemus.

268 4692 317 4745 sed
345 4692 474 4759 dubium,
503 4712 570 4746 num
593 4693 752 4748 Alexander
775 4710 838 4748 cum
862 4692 1005 4748 Craterum
1033 4693 1159 4748 mitteret
1186 4693 1244 4746 iam
1268 4694 1303 4748 de
1326 4693 1446 4748 Ordanis
1473 4694 1577 4748 Persae

268 4763 405 4818 seditione
433 4765 477 4834 (cf.
498 4765 558 4820 Arr.
578 4765 629 4834 VI,
649 4769 718 4832 27,3,
743 4764 1047 4835 Curt.IX,10‚19sq.)
1075 4765 1178 4820 certior
1204 4765 1297 4820 factus
1324 4765 1417 4820 fuerit.
1460 4765 1509 4820 sed
1538 4765 1575 4819 ab
