3506 5306
680 336 899 400 ..93..

141 518 205 579 erat
228 518 265 578 ut
289 519 408 598 quanta
430 519 563 599 possent
587 515 747 580 celeritate
767 511 911 599 Sopithis
934 515 1055 600 regiam
1075 512 1262 600 adirent.²⁹⁰)
1295 514 1446 598 Philippo

141 613 244 695 etiam,
268 611 451 678 Taxilarum
477 617 630 697 satrapae,
653 613 873 697 imperaverat,
896 617 933 676 ut
955 613 1051 677 trium
1072 613 1195 677 dierum
1215 613 1318 696 spatio
1339 614 1446 697 elapso

142 732 211 774 oum
226 711 293 775 suis
308 711 464 775 militibus
479 715 670 794 sequeretur.
695 709 840 795 Nysaeos
850 711 987 794 denique
997 711 1119 793 equites
1128 711 1251 775 remisit
1260 707 1447 796 Nysamsffi)

249 807 374 873 Paratis
406 811 452 873 ita
479 810 629 874 omnibus
660 809 755 874 rebus
784 809 824 873 ad
855 809 1093 894 navigationem
1122 809 1214 873 initio
1242 810 1309 873 fere
1328 809 1447 874 mensis

141 903 391 992 Novembrism)
417 905 477 970 diis
501 906 681 971 immolavit
703 907 815 991 patriis
840 911 871 972 et
894 908 934 970 ab
959 904 1147 993 oraculo²⁹³)
1166 905 1336 971 Ammonis
1358 929 1448 990 prae

140 1004 242 1086 dictis,
263 1003 417 1088 Neptuno
437 1009 600 1088 praeterea
622 1003 848 1090 Amphitrites,
869 1003 1070 1088 Nereidibus,
1094 1003 1219 1070 Oceano
1226 1002 1289 1091 ²⁹¹),
1312 1005 1448 1088 denique

140 1103 217 1186 ipsis
241 1101 398 1188 Hydaspi,
421 1102 560 1186 Acesini,
583 1102 673 1187 Indo,
696 1108 793 1187 prout
811 1107 899 1168 vates
918 1103 1165 1186 praecipiebant.
1200 1103 1346 1168 victimas
1364 1103 1448 1166 inter

140 1201 267 1286 singula
296 1202 426 1286 agmina
450 1201 613 1266 distribuit
642 1201 799 1285 ludosque
822 1201 989 1287 gymnicos
1018 1202 1221 1285 musicusque
1244 1197 1447 1286 1555115515)

229 1407 291 1473 290)
311 1404 346 1458 de
368 1403 422 1457 hoc
441 1402 558 1472 Sopithe
581 1403 645 1456 vide
669 1420 741 1471 quae
764 1398 850 1473 supra
868 1404 1044 1472 exposuerim
1063 1404 1093 1456 in
1112 1405 1176 1457 adn.
1194 1408 1244 1456 193
1264 1406 1293 1457 55
1312 1408 1371 1456 294,
1409 1403 1449 1456 11-

139 1477 222 1530 detur
240 1475 315 1530 inter
333 1491 380 1529 eos
398 1473 511 1544 regulos
530 1474 617 1528 fuisse
636 1475 806 1544 quidudum
817 1475 976 1530 Alexandro
991 1492 1020 1529 55
1035 1474 1214 1530 subiecerant
1228 1475 1263 1528 cf.
1269 1474 1378 1541 Arr.,VI
1389 1480 1413 1542 3,
1424 1480 1448 1527 5

138 1547 237 1615 Droys
252 1546 390 1616 Π11.172
410 1545 504 1600 51151
519 1546 605 1621 quod
629 1546 789 1616 suspicatur
812 1545 1450 1615 5551511555111115551595111515515581115-

139 1621 232 1672 tacem
251 1620 333 1672 errat.
366 1633 458 1685 neque
476 1634 527 1686 per
546 1635 575 1672 se
595 1617 738 1684 credibile,
758 1635 821 1672 curn
837 1617 1004 1688 Spittaoes
996 1634 1054 1671 ram
1072 1618 1102 1671 in
1121 1633 1217 1687 pugne
1236 1619 1334 1671 contra
1348 1617 1451 1671 Porum

138 1691 216 1744 15555
235 1692 361 1744 51515555
381 1691 455 1744 esset
474 1692 503 1743 55
518 1689 654 1742 Arrianus
673 1692 749 1744 certe
767 1690 820 1744 hoc
839 1690 900 1744 loco
919 1692 1006 1743 mort
1010 1690 1045 1744 ui
1065 1689 1200 1759 Spittacir
1219 1689 1392 1743 mentionem
1410 1688 1451 1742 fe-

139 1762 232 1816 cisset.
271 1761 326 1815 sita
354 1763 416 1815 erat
439 1760 519 1829 Sapit
507 1759 564 1814 this
592 1761 672 1830 regia
699 1777 787 1830 prope
814 1762 912 1815 urbem
931 1761 1029 1828 Bheda
1056 1761 1100 1815 vel
1118 1761 1205 1827 Bhira
1227 1763 1315 1828 utque
1339 1760 1452 1814 videtur

138 1834 168 1886 15
197 1833 297 1886 dextra
323 1833 387 1915 ripa
414 1831 503 1885 fluvii·
520 1831 614 1902 (bodie
638 1831 692 1884 Old
694 1831 803 1898 -Bheda
828 1849 916 1902 prope
938 1832 1137 1899 Ahmedabad,
1165 1832 1230 1886 vide
1254 1831 1451 1900 Cunningham

139 1923 165 1973 p.
182 1906 253 1973 155).
291 1903 376 1958 551515
404 1903 451 1957 (115
479 1903 622 1972 profectus
650 1919 668 1956 5
690 1889 798 1958 Nicaea
825 1907 923 1973 (rope
946 1904 1033 1974 Mong
1059 1905 1141 1970 urbe,
1169 1923 1193 1957 v.
1209 1904 1273 1957 adn.
1290 1907 1350 1968 184)
1373 1903 1452 1957 venit

139 1975 299 2030 Alexander
317 1992 351 2030 ec
369 1974 492 2028 fluminis
511 1975 583 2028 ubi
575 1993 605 2028 15
618 1977 739 2049 utraque
752 1975 816 2044 ripa
831 1922 975 2030 datorum
989 1947 1284 2046 Hephaestionemque
1299 1975 1451 2029 consistere

139 2046 609 2188 (1155111155γ511ἐ555ᾑ51ἰ51ᾑ555515ἰ51,
629 2041 1452 2188 ὀο11ωέ151ίρρ11111Χί1115ν15ῆ’ῌοζιξὴῗῦηῃῗ

187 2135 220 2173 55
263 2117 321 2172 as'
366 2134 401 2172 55
452 2135 476 2171 15
491 2134 560 2172 5555
606 2134 652 2172 515
701 2135 736 2171 55
806 2137 864 2172 unn
1087 2137 1110 2172 15
1129 2135 1197 2200 porp
1262 2133 1277 2171 5
1309 2134 1351 2171 wo
1371 2133 1439 2186 grea

140 2192 235 2245 routes
259 2189 291 2244 51
310 2189 360 2243 515
383 2188 439 2242 5515
461 2205 612 2243 caravanas
636 2189 750 2260 diverge
772 2191 802 2244 to
821 2190 913 2243 Lahor
932 2190 988 2243 and
1006 2190 1124 2244 1151555,
1162 2189 1208 2243 115
1226 2189 1319 2258 priore
1337 2189 1452 2258 (Bhera

141 2261 250 2316 Lahore
268 2259 418 2330 Philippus
442 2260 574 2314 dimissus
598 2263 696 2314 contra
714 2261 901 2330 Dschelalpur
924 2262 1032 2332 (urbem
1054 2262 1085 2314 in
1108 2261 1224 2314 sinistra
1241 2260 1305 2330 ripa
1323 2259 1452 2314 Acesinis

141 2333 218 2387 fluvii
238 2333 333 2402 sitam)
347 2332 496 2386 Acesinem
515 2335 659 2386 assecutus
678 2349 739 2386 esse
752 2332 870 2386 videtur.
904 2333 1033 2403 regiones
1047 2333 1114 2386 inde
1128 2331 1362 2401 septentrionales
1377 2331 1453 2385 circa

140 2403 261 2457 PhaliAn
290 2406 319 2458 et
341 2403 503 2473 Ramnagar
529 2404 648 2457 urbes'
640 2420 698 2457 1515
725 2403 884 2458 Alexandro
913 2404 967 2488 (151
990 2404 1085 2473 potius
1103 2403 1185 2472 Poro)
1209 2403 1339 2457 subditae
1363 2405 1451 2457 erant.

141 2476 274 2544 itaque'
267 2494 297 2528 15
319 2475 518 2530 meridionales
542 2476 696 2529 secundum
718 2475 867 2530 Acesinem
889 2477 1020 2546 regiones
1043 2492 1206 2546 progressus
1230 2477 1274 2529 est
1293 2474 1450 2558 Philippus.

142 2564 174 2601 ac
197 2546 350 2600 verisimile
374 2548 417 2600 est
440 2563 504 2600 eum
521 2547 670 2602 Acesinem
692 2547 828 2602 transisse
850 2564 922 2617 prop
924 2546 1110 2616 eDschelalp
1111 2565 1144 2600 ur
1167 2549 1252 2615 atque
1276 2545 1374 2600 inde
1366 2565 1396 2599 1n
1415 2546 1452 2600 si-

140 2619 231 2672 nistra
248 2618 313 2687 ripa
331 2618 500 2687 processisse
517 2618 565 2672 via
583 2634 656 2686 quae
674 2617 759 2672 hodie
779 2565 1289 2688 55555515155151511151),1551115155,
1309 2617 1451 2685 Dschung,

141 2690 270 2760 Mugiani
292 2689 383 2744 urbes.
422 2690 510 2744 etiam
527 2689 701 2758 Hephaestio
724 2690 883 2744 transmisit
900 2690 1061 2758 Acesinen,
1087 2691 1252 2759 priusquam
1274 2688 1377 2758 recipit
1395 2688 1453 2756 Hy-

143 2762 273 2830 daspem,
301 2777 389 2830 prope
407 2759 542 2831 Dschung
559 2761 659 2815 urbem
676 2762 846 2816 utvidetur.
884 2759 1453 2832 11511151111115555515Β1115-81511115-

142 2833 305 2902 Kadurpur-
293 2831 448 2903 -Dschung.
483 2849 574 2916 prope
591 2832 750 2887 Dsohubrai
773 2833 858 2903 (infra
881 2832 1051 2888 confluentes
1075 2849 1183 2898 amnes,
1209 2832 1260 2886 ubi
1282 2831 1366 2886 hodie
1385 2848 1453 2899 quo-

143 2920 196 2972 que
214 2905 349 2958 Acesines
371 2903 585 2972 transmittitur)
609 2904 728 2958 classem
746 2904 905 2958 Alexander
928 2905 965 2958 ad
989 2905 1116 2959 dextram
1138 2905 1231 2974 ripam
1250 2903 1363 2972 appulit
1381 2903 1452 2971 (Arr.

142 2975 187 3040 VI,
203 2981 219 3029 5
222 2977 278 3042 ,4)
317 2974 446 3030 Craterus
474 2976 600 3030 nondum
622 2975 728 3030 aderat.
766 2976 808 3030 ita
826 2976 1016 3030 Alexander
1008 2993 1069 3046 rpse
1092 2977 1160 3030 dum
1183 2975 1302 3030 classem
1323 2973 1453 3029 Nearcho

143 3048 213 3101 duee
237 3046 274 3101 ad
292 3046 443 3101 Mallorum
465 3047 534 3102 fines
553 3047 725 3117 praemittit,
751 3048 781 3101 in
800 3049 899 3102 dextra
916 3048 980 3116 ripa
998 3047 1125 3102 Acesinis
1144 3047 1221 3101 fluvii
1240 3047 1360 3101 15155555
1379 3045 1454 3099 51155

143 3117 231 3173 Utsch
259 3119 288 3172 55
305 3117 450 3172 Nuwakut
475 3119 559 3173 urbes
586 3119 721 3173 barbaros
747 3119 927 3188 expeditione
949 3119 1063 3183 5511515,
1091 3135 1127 3174 55
1145 3118 1240 3172 Mallia
1265 3117 1452 3171 subvenirent.

143 3190 204 3260 ipse
227 3206 315 3259 prope
333 3189 631 3244 Pir-Abdul-ltahman
656 3192 692 3244 ad
710 3190 814 3244 flumen
831 3191 971 3245 revenisse
989 3191 1113 3257 videtur,
1136 3191 1186 3244 ubi
1205 3191 1317 3259 praeter
1335 3188 1454 3243 classem

143 3264 172 3315 et
189 3261 430 3330 Hephaestionem
448 3260 669 3332 Philippumque
687 3263 774 3316 etiam
793 3261 939 3316 Craterum
957 3261 1091 3332 repperit,
1110 3261 1159 3330 qui
1178 3261 1331 3316 secundum
1349 3260 1453 3314 flumen

143 3335 328 3402 processerat,
346 3336 380 3386 ut
397 3332 517 3400 videtur,
535 3333 583 3387 115
600 3333 925 3388 Dsohubrai-Dschiban.

233 3406 295 3473 291)
314 3405 402 3458 551515
419 3403 552 3458 Indorum
570 3405 622 3458 illa
640 3405 765 3474 quinque
783 3404 864 3459 milia
882 3405 1000 3459 dimissa
1018 3421 1079 3460 esse
1098 3404 1134 3458 ab
1153 3405 1312 3459 Alexandro
1327 3403 1454 3485 Droysen

142 3475 212 3545 Hp.
230 3481 281 3529 172
306 3475 458 3530 5115515155
495 3476 537 3530 511
560 3476 595 3530 (15
618 3476 677 3530 11115
700 3477 837 3531 5151115515
862 3479 912 3532 est.
950 3477 1000 3531 sed
1023 3494 1078 3530 non
1101 3477 1212 3530 remisit
1229 3475 1401 3539 Alexander,
1430 3474 1454 3528 si

143 3547 262 3602 Arriano
281 3546 350 3601 11555
367 3547 451 3602 fidem
469 3547 574 3602 habere
593 3548 749 3603 (1515515
767 3549 887 3614 5555551,
914 3564 977 3602 5515
997 3548 1032 3602 (15
1050 3548 1170 3618 Nysaeis
1189 3548 1322 3602 trecentis
1341 3517 1453 3600 referat.

233 3621 296 3688 292)
315 3619 349 3673 cf.
366 3618 456 3672 Strab.
472 3618 645 3688 Χ1Τ115,91,
662 3625 694 3673 17
721 3616 929 3689 διατρίψαντας
951 3620 982 3673 dl
1005 3620 1069 3688 περὶ
1092 3619 1143 3688 τὴν
1167 3615 1329 3745 ναυπηγίαν
1352 3617 1454 3689 11111111

140 3687 264 3759 (1115151111
295 3691 344 3744 καὶ
371 3693 451 3744 πλεῖν
479 3689 653 3760 ἀρξαμένους
680 3692 744 3760 πρὸ
772 3691 878 3752 δνσεως
903 3689 1041 3760 classidas
1069 3692 1102 3744 51
1129 3693 1244 3752 πολλαῖς
1270 3687 1430 3759 ἡμέραις.

144 3745 332 3831 (Aristobulus
351 3764 465 3831 narrat).
504 3761 630 3830 Droysen
648 3763 711 3831 Hp
714 3767 785 3816 171
806 3762 869 3816 adn.
886 3767 910 3814 3.

233 3832 1034 3903 299)51.1111551551518,115111,Α151,1ῙΙ,19,4.

233 3906 295 3973 294)
315 3905 432 3958 dubium
450 3905 571 3959 fortasse
588 3923 657 3958 num
675 3905 733 3958 iam
751 3906 787 3958 ad
801 3876 965 3974 Hydaspem
978 3875 1120 3973 Neptuno,
1138 3905 1339 3973 Amphitritae,
1357 3903 1455 3958 Nerei-

144 3976 236 4042 dibus,
256 3975 367 4030 Oceano
385 3976 575 4030 immolaverit
590 3977 750 4032 Alexander
768 3977 854 4046 (quod
873 3975 996 4030 affirmat
1009 3976 1070 4029 Arr.
1084 3975 1144 4028 Ind.
1162 3978 1276 4045 18,11);
1295 3992 1362 4030 5515
1376 3975 1454 4029 aliud

144 4047 313 4102 sacrificium
330 4047 463 4118 Neptuno
488 4048 666 4102 immolatum
690 4050 719 4103 55
741 4048 862 4102 libatum
885 4049 985 4116 postea
1003 4064 1067 4101 cum
1086 4047 1184 4101 classis
1203 4047 1233 4100 in
1251 4050 1394 4101 Oceanum
1412 4047 1455 4100 in-

143 4121 259 4173 vectura
282 4121 343 4172 erat
366 4119 402 4173 ab
420 4119 540 4173 Arriano
560 4122 794 4175 commemoratur
813 4137 874 4188 exp.
889 4119 932 4172 Al.
948 4118 995 4185 VI,
1012 4123 1053 4185 19,
1068 4123 1146 4172 4-5.
1184 4119 1209 4172 51
1227 4135 1323 4173 151515
1341 4119 1399 4172 iam
1418 4118 1454 4171 ad

144 4191 309 4259 Hydaspem
331 4189 389 4244 illis
413 4191 468 4244 diis
491 4191 608 4245 marinis
627 4208 708 4246 sacra
726 4191 808 4258 15515,
830 4189 918 4246 555155
938 4191 1126 4260 expeditionis
1145 4189 1226 4260 quasi
1245 4191 1329 4244 finem
1348 4205 1381 4242 ac
1399 4192 1455 4244 ter-

144 4262 252 4316 minum
270 4261 398 4316 indioare
416 4263 446 4315 in
465 4262 560 4316 animo
579 4262 687 4316 habuit.

234 4336 296 4402 295)
315 4333 358 4387 155
380 4334 478 4402 putavi
500 4337 577 4388 recte
600 4335 710 4389 conecti
732 4333 908 4388 narrationes
930 4333 1043 4386 Arriani
1067 4349 1127 4401 exp.
1143 4333 1186 4386 Al.
1202 4332 1253 4399 VI,
1268 4338 1327 4399 3,1
1348 4335 1377 4386 et
1394 4332 1454 4384 Ind.

146 4410 187 4471 19,
204 4411 245 4459 11.
283 4407 383 4474 postea
405 4421 517 4473 quoque
539 4423 596 4459 non
620 4405 711 4460 solum
733 4405 863 4459 immolat
880 4404 1040 4458 Alexander
1057 4403 1190 4473 Neptuno
1210 4404 1259 4458 sed
1278 4404 1365 4458 etiam
1382 4403 1456 4457 libat

145 4475 1455 4546 (5111111195).55115551515555551555,55555155151555551555511151555515,

146 4549 194 4602 sed
223 4548 311 4602 551551
338 4548 479 4617 reliquum
504 4548 669 4612 exercitum3
699 4565 785 4631 quare
808 4565 864 4600 non
887 4548 970 4601 modo
993 4565 1044 4616 pro
1068 4547 1157 4601 classe
1181 4547 1280 4601 debuit
1297 4546 1456 4601 Alexander

147 4619 354 4685 55515155515,
377 4637 473 4674 151551
496 4637 547 4688 pro
570 4621 631 4672 toto
655 4589 786 4673 5115151511.
825 4619 1192 4673 55151555555511511515
1210 4633 1323 4688 gravem
1334 4634 1456 4698 aggres-

147 4708 226 4744 surus
254 4689 309 4744 diis
338 4707 448 4760 sempor
472 4690 618 4745 immolare
641 4693 727 4758 atque
750 4690 831 4743 ludos
855 4690 1004 4744 instituere
1022 4690 1086 4743 illos
1105 4690 1250 4760 gymnicos
1269 4688 1454 4772 musicosque.

147 4761 200 4830 ita,
223 4765 257 4815 55
275 4762 333 4816 5115
352 4763 482 4817 omittam
500 4761 608 4816 Taxilis
627 4763 663 4816 ad
682 4761 845 4831 Hydaspem
864 4762 1039 4830 profecturus
1059 4765 1145 4830 atque
1163 4761 1286 4816 Indiae
1279 4761 1368 4831 ipsius
1386 4761 1455 4815 fines
