3496 5308
855 282 1075 346 -.30-

309 441 422 532 (quam
446 443 578 508 eandem
602 465 670 510 esse
691 446 772 528 puto
791 464 865 506 cum
882 440 1131 508 Amb-Balimah
1149 441 1344 508 nostratium
1363 465 1461 528 supra
1479 441 1639 508 'lorbela

310 540 467 606 adlndum
490 541 562 606 sitis
585 539 730 628 oppidis)
754 539 789 605 in
810 541 924 606 urbem
948 540 1045 627 venit,
1068 540 1124 604 ubi
1148 563 1221 605 eum
1243 563 1309 606 non
1331 541 1428 628 longe
1447 541 1488 605 ab
1508 540 1636 606 Aorno

310 643 404 724 petra
426 640 555 704 abesset
575 638 741 704 Craterum
766 661 838 704 eum
861 639 1021 704 exercitus
1044 642 1136 723 parte
1160 638 1306 724 reliquit,
1335 639 1391 724 qui
1419 637 1635 704 frumentum

310 742 497 824 congereret
535 741 692 822 quantum
728 741 839 821 posset
871 736 905 801 in
937 759 1008 802 eam
1040 736 1153 802 urbem
1186 741 1219 802 et
1251 759 1333 821 quae
1363 740 1529 822 praeterea
1564 759 1634 802 ne-

310 835 446 900 cessaria
483 838 590 901 essent
625 835 652 899 si
686 834 795 900 statim
828 839 921 920 petra
953 834 1024 919 capi
1056 857 1122 900 non
1154 839 1273 919 posset.
1329 834 1399 920 ipse
1432 835 1633 922 sagittarios

308 932 536 1020 Agrianosque
560 932 722 1017 Coenique
749 932 911 1018 legionem
940 938 972 998 et
1002 955 1042 998 ex
1065 933 1191 1017 reliqua
1214 932 1355 998 delectos
1378 931 1538 1018 phalange
1564 931 1631 1017 qui

310 1054 383 1096 cum
416 1031 632 1116 expeditiores
663 1035 734 1096 tum
766 1030 881 1095 melius
912 1030 1028 1095 armati
1057 1035 1176 1116 essent,
1210 1035 1242 1095 et
1270 1031 1445 1096 amicorum
1473 1031 1632 1115 equitum

312 1128 468 1193 ducentos
487 1127 794 1216 sagittariorumque
814 1129 1013 1214 equestrium
1032 1133 1161 1194 eentum
1180 1128 1220 1192 ad
1237 1131 1364 1213 petram
1383 1127 1483 1194 duxit.
1521 1131 1631 1212 atque

309 1225 415 1310 primo
449 1225 579 1310 quidem
612 1226 661 1291 die
693 1226 765 1290 loeo
797 1225 913 1292 idoneo
946 1230 1051 1292 castra
1083 1225 1207 1313 posuit3
1239 1225 1341 1292 altero
1370 1225 1550 1311 paullulum
1580 1225 1630 1290 ad

309 1328 436 1408 petram
468 1347 658 1410 progressus
689 1345 801 1390 rursus
833 1329 938 1390 castra
970 1323 1118 1389 munivit.
1172 1328 1243 1389 tum
1273 1323 1408 1390 veniunt
1439 1324 1630 1390 aetolorum

310 1419 504 1510 nonnulli⁸⁶)
533 1422 671 1488 dedituri
700 1445 747 1510 se3
776 1423 832 1507 qui
860 1421 1042 1508 praeituros
1070 1444 1104 1486 se
1132 1422 1328 1506 pollicentur
1350 1422 1391 1487 ad
1413 1427 1524 1508 petrae
1548 1445 1630 1487 eam

310 1524 438 1604 partem
476 1543 556 1605 quae
593 1521 745 1586 facillime
778 1520 882 1606 possit
914 1520 1106 1608 oppugnari.
1115 1518 1155 1608 86)
1214 1511 1405 1606 quibusoam
1437 1520 1631 1586 Alexander

309 1618 531 1683 Ptolemaeum
562 1619 644 1706 Lagi
672 1620 693 1684 f.
726 1617 828 1705 misit,
865 1618 1026 1705 Agrianos
1063 1618 1231 1683 ducentem
1264 1618 1407 1703 levisque
1439 1621 1628 1682 armaturae
1735 1681 1736 1704 ,

310 1716 453 1800 reliquos
472 1721 505 1782 et
524 1715 642 1782 electos
662 1739 701 1781 ex
719 1715 929 1802 hypaspistis,
949 1715 1106 1790 mandans
1124 1720 1161 1781 ut
1176 1716 1284 1782 locum
1303 1720 1495 1800 occupatum
1513 1699 1628 1780 valido
1698 1717 1700 1720 ’

310 1892 391 1946 Diod.
411 1892 499 1962 XVII,
518 1895 592 1960 85,3
616 1893 647 1947 τὸ
671 1890 697 1947 δ’
724 1892 797 1960 ὕψος
821 1888 972 1948 ἑκκαίδεκα
995 1895 1136 1964 (σταδίαν)
1159 1909 1215 1947 11011
1240 1891 1352 1962 accipit.
1372 1891 1484 1946 etiamsi
1502 1891 1626 1946 Diodori
1735 1911 1736 1960 1

310 1965 453 2017 auctorem
471 1964 529 2017 veri
547 1963 662 2018 modum
680 1964 831 2019 excessisse
850 1965 1043 2034 concedamus,
1063 1967 1159 2018 tamen
1176 1963 1276 2033 quidni
1295 1963 1413 2018 Arriano
1435 1963 1518 2017 fidem
1532 1955 1624 2016 habe-
1735 1963 1736 1970 ’

309 2035 416 2104 bimus,
440 2035 519 2089 cuius
542 2052 674 2090 numerus
696 2036 766 2090 satis
791 2037 827 2092 ad
850 2053 945 2090 verum
969 2036 1100 2090 accedere
1123 2035 1242 2091 videtur.
1280 2051 1347 2088 nam
1364 2034 1508 2089 Mahtbsn
1529 2051 1622 2102 mons,

312 2123 397 2176 quem
421 2123 474 2177 ego
498 2124 561 2160 eum
580 2107 674 2162 Aorno
697 2108 817 2162 eundem
835 2111 918 2178 puto,
941 2107 1003 2177 ipso
1027 2107 1184 2189 Cunningh.
1203 2108 1276 2161 teste
1290 2107 1311 2172 1,
1331 2111 1363 2161 77
1383 2105 1458 2160 altus
1477 2108 1520 2162 est
1539 2106 1622 2159 ‘7471

310 2178 369 2231 feet
387 2179 475 2232 above
493 2179 543 2232 the
562 2179 630 2233 sea’.
667 2178 725 2232 iam
743 2179 856 2233 Arriani
874 2195 1020 2232 numerum
1039 2178 1063 2232 si
1081 2195 1216 2232 sumrmus
1235 2177 1310 2231 altus
1329 2181 1390 2232 erat
1408 2179 1517 2232 Aornus
1537 2178 1622 2231 ‘6674

310 2249 368 2304 feet
386 2249 474 2304 above
493 2250 541 2304 the
560 2249 696 2304 Yusufzai
719 2249 806 2318 plain,
830 2249 992 2318 equivalcnt
1009 2251 1039 2303 to
1056 2255 1124 2303 7874
1142 2249 1201 2304 feet
1219 2249 1307 2302 above
1325 2249 1375 2303 the
1389 2250 1456 2305 sea.’
1486 2248 1623 2318 quadrin-

309 2320 402 2390 gentis
425 2320 513 2391 igitus
536 2320 593 2374 fere
616 2320 736 2390 pedibus
759 2337 854 2375 revera
878 2321 962 2375 altior
986 2323 1030 2374 est
1047 2321 1191 2375 Mahaban
1214 2337 1307 2387 mons,
1332 2320 1382 2374 sed
1405 2337 1462 2374 11011
1484 2319 1622 2374 debemus

311 2391 441 2446 oblivisci
468 2391 612 2446 addidisse
635 2391 785 2446 Arrianum
811 2391 911 2460 ἵναπερ
940 2394 1168 2462 χθαμαλώτατον.
1213 2390 1330 2456 DIodori
1356 2393 1451 2448 autem
1473 2408 1622 2446 numerum

310 2464 431 2518 fortasse
448 2463 491 2517 ita
509 2463 650 2532 explicare
668 2464 739 2518 bene
757 2481 916 2533 possumus:
936 2481 992 2518 non
1012 2466 1056 2517 est
1073 2479 1139 2518 vera
1158 2462 1279 2517 altitudo
1299 2479 1384 2531 quam
1400 2479 1451 2516 nos
1466 2463 1501 2517 de
1515 2462 1622 2517 monti-

310 2536 364 2589 bus
387 2534 507 2588 solemus
533 2534 667 2588 adhibere
691 2535 740 2588 sed
763 2535 845 2603 quasi
867 2535 934 2604 lter,
957 2535 1033 2604 quod
1057 2535 1119 2603 quis
1142 2537 1221 2588 recta
1243 2533 1289 2587 via
1313 2533 1449 2588 ementis
1468 2533 1562 2587 radice
1581 2535 1621 2587 ad

311 2622 445 2660 cacumen
472 2622 561 2674 usque
586 2605 662 2660 facit.
704 2605 839 2660 Arrianus
862 2623 944 2676 porro
967 2607 1070 2660 montis
1094 2608 1228 2660 cacumen
1251 2605 1373 2660 ducenta
1395 2604 1490 2660 stadia
1512 2604 1542 2658 in
1566 2604 1622 2659 cir-

311 2677 388 2731 euItu
403 2676 493 2730 latum
507 2675 593 2730 fuisse
612 2676 733 2732 tradidit
751 2677 798 2746 IV,
818 2681 860 2746 28,
876 2683 900 2731 8.
919 2676 1059 2732 Diodorus
1073 2677 1158 2747 XVII,
1178 2682 1220 2746 85,
1235 2682 1251 2730 3
1274 2679 1387 2731 eentum
1404 2678 1516 2731 tantum
1530 2676 1621 2732 novit.

311 2747 397 2802 etiam
415 2748 490 2802 hune
507 2765 653 2801 numerum
670 2749 753 2802 valde
772 2751 886 2802 auctum
904 2764 964 2803 esse
983 2748 1180 2818 Ounningham
1197 2764 1247 2818 pro
1270 2750 1347 2802 certo
1365 2747 1474 2802 habuit.
1502 2747 1622 2818 negavit

310 2819 445 2888 denique,
467 2822 543 2874 reete
561 2819 712 2873 Arrianum
735 2819 888 2874 tradidisse
909 2819 988 2873 mille
1006 2819 1167 2874 hominibus
1187 2836 1285 2889 agrum
1303 2819 1333 2873 111
1351 2818 1455 2874 montis
1474 2818 1621 2874 cacumine

312 2890 390 2944 cultu
413 2889 546 2944 idoneum
567 2890 662 2946 fuisse.
700 2891 794 2945 omnia
818 2890 841 2944 si
864 2890 1034 2961 complector
1055 2890 1162 2960 animo,
1185 2907 1242 2944 non
1260 2907 1374 2960 possum
1392 2890 1462 2960 quin
1480 2890 1621 2945 assentior

313 2961 459 3030 AbbottIo,
480 2961 554 3030 quod
573 2964 649 3016 reete
667 2961 725 3016 iam
743 2961 812 3016 feeit
831 2961 935 3016 Grote
954 2961 987 3018 cf.
1007 2961 1105 3016 Gesch.
1126 2961 1236 3016 (triech.
1255 2962 1298 3016 ed.
1317 2978 1403 3032 genn.
1420 2962 1465 3031 VI,
1481 2968 1494 3015 1
1513 2981 1541 3045 p.
1557 2967 1619 3017 599.

311 3049 402 3103 nuper
420 3036 532 3086 secutus
551 3035 595 3086 est
612 3033 767 3104 Hertaberg
785 3033 815 3086 in
833 3033 953 3088 historia
972 3050 1023 3087 sua
1040 3032 1196 3088 Alexandri
1214 3032 1312 3104 Magni
1331 3033 1391 3103 (alii
1411 3033 1620 3088 0111011οῶ00-

311 3107 420 3173 verunt,
439 3106 472 3157 ut
489 3103 588 3158 Lenius
606 3123 632 3174 p.
648 3109 691 3174 88,
711 3105 760 3174 qui
775 3104 1031 3174 Ounninghamium
1049 3104 1175 3174 sequitur
1189 3107 1219 3158 et
1232 3103 1357 3175 Ranigat
1370 3107 1481 3174 petram
1494 3105 1620 3160 Aornum

312 3175 399 3229 fuisse
416 3178 518 3244 putat.)
546 3192 582 3228 ne
601 3175 730 3230 omittam
759 3175 848 3230 Curtii
866 3179 964 3246 petrae
983 3175 1136 3246 descriptio
1155 3174 1268 3231 etiamsi
1285 3192 1342 3230 non
1356 3176 1467 3230 videtur
1480 3177 1619 3245 quadrare

311 3247 342 3300 in
360 3249 485 3300 montem
503 3246 646 3300 Mababan
665 3221 848 3316 (01.1110101.
868 3247 905 3318 l),
926 3250 1020 3302 tamen
1037 3250 1113 3302 recte
1132 3263 1166 3300 ex
1186 3250 1300 3302 auctore
1318 3246 1439 3301 servavit
1452 3247 1524 3317 VIII,
1545 3253 1617 3316 11,7

314 3317 435 3371 ‘radices
467 3317 527 3371 eius
559 3318 644 3371 Indus
677 3318 766 3372 amnis
799 3317 888 3386 subit,
920 3318 1063 3389 praealtus
1097 3317 1237 3387 utrimque
1269 3317 1375 3388 asperis
1406 3317 1507 3388 ripis'.
1552 3317 1619 3373 Dio·

311 3389 395 3442 dorus
414 3388 498 3458 XVII,
518 3394 592 3457 8t,3
616 3388 758 3444 similiter:
784 3389 866 3460 μέρος
884 3391 970 3459 αὐτῆς
988 3389 1171 3459 προσέκλνζεν
1191 3388 1310 3452 olette
1331 3392 1463 3460 ποταμός,
1500 3405 1566 3444 nam
1588 3407 1618 3444 re

310 3478 376 3515 vera
399 3459 481 3513 radix
504 3461 644 3529 quaedam
666 3461 770 3515 montis
794 3461 938 3515 Mahaban
960 3478 1048 3530 usque
1075 3461 1111 3514 ad
1133 3461 1233 3514 Indum
1255 3460 1379 3530 pertinet
1402 3461 1436 3516 ef.
1461 3460 1616 3532 Canningh.

311 3533 353 3586 ch.
373 3531 418 3586 IV.
439 3533 541 3585 erravIt
560 3548 627 3585 sane
647 3531 758 3586 Curtius
776 3531 848 3602 VIII,
868 3538 958 3600 11,12
984 3533 1065 3600 ‘quos
1092 3549 1125 3586 ex
1147 3535 1300 3602 praerupta
1321 3548 1390 3602 rupe
1413 3531 1506 3602 lapsos
1528 3532 1616 3587 amnis

310 3603 511 3672 praeterfluens
534 3603 650 3658 hausit’.
689 3620 762 3672 quae
780 3603 840 3674 ipse
858 3603 949 3673 possit
966 3603 1091 3672 finxisse,
1116 3603 1172 3656 nisi
1193 3604 1227 3658 de
1247 3620 1329 3658 amne
1347 3603 1453 3658 minore
1472 3603 1569 3674 ignoto
1587 3604 1616 3656 in

311 3674 413 3728 Indum
427 3691 456 3728 se
470 3673 641 3728 immittente
655 3674 847 3745 Intellegentia
862 3677 928 3728 sunt
942 3674 1016 3744 (vide
1031 3674 1142 3728 chartas
1156 3674 1379 3744 geographicas.)
1406 3678 1530 3729 ceterum
1543 3677 1615 3744 quod

312 3745 415 3800 Chares
442 3749 540 3800 narrat
568 3745 752 3816 διηγούμενος
779 3747 843 3813 περὶ
870 3754 918 3816 τῆς
944 3749 1108 3816 πολιορκίας
1132 3753 1180 3814 τῆς
1204 3745 1235 3800 ἐν
1254 3743 1354 3808 Ἰνδοῖς
1376 3744 1482 3808 πόλεως
1501 3744 1614 3815 Πέτρας.

312 3817 412 3886 ὀρύξαι
428 3862 433 3872 .
451 3860 456 3872 .
473 3860 500 3872 .,
529 3817 579 3871 τὸν
599 3815 779 3888 Ἀλέξανδρον
808 3817 951 3888 ὀρύγματα
973 3819 1124 3887 τριάκοντα
1147 3816 1248 3886 συχνά,
1276 3816 1295 3870 ἃ
1318 3819 1503 3886 πληρώσαντα
1525 3819 1616 3888 χιόνος

312 3891 505 3961 παρεμβαλεῖν
528 3889 613 3956 δρνδς
636 3888 768 3951 κλάδονς·
796 3889 866 3944 οὕτω
890 3889 943 3958 γὰρ
961 3896 1135 3959 παραμενεῖν
1158 3891 1242 3942 πλείω
1265 3885 1367 3958 χρόνον
1389 3889 1440 3958 τὴν
1464 3887 1545 3959 χιόνα
1563 3888 1615 3944 for-

314 3963 390 4014 tasse
409 3959 447 4014 ad
465 3962 591 4013 nostram
605 3961 730 4014 Aornum
747 3962 856 4030 petram
875 3960 1052 4014 referendum
1070 3962 1114 4014 est
1132 3959 1167 4014 ef.
1182 3960 1309 4028 Droysen
1322 3959 1356 4028 H,
1376 3965 1436 4029 120,
1451 3967 1466 4014 2
1480 3961 1615 4030 (Obaretis

311 4031 388 4084 locus
408 4033 534 4084 servatur
553 4030 588 4084 ab
607 4030 753 4086 Athenaeo
772 4032 811 4085 llI
829 4049 856 4100 p.
874 4037 925 4086 124
940 4031 979 4100 C.)
998 4033 1059 4084 tum
1078 4030 1165 4084 etiam
1182 4030 1254 4084 illud
1271 4030 1489 4102 Ounninghamii
1507 4031 1615 4102 repelli-

312 4106 367 4169 tur,
386 4101 465 4156 nullo
484 4118 605 4170 usquam
622 4101 685 4156 loeo
703 4102 813 4156 intuta
831 4101 1050 4172 oppugnationis
1070 4101 1258 4171 descriptione
1275 4101 1348 4156 nivis
1367 4102 1426 4156 fieri
1440 4103 1614 4158 mentionem.

312 4173 433 4242 denique
457 4189 493 4227 ne
517 4173 546 4226 id
566 4173 680 4241 quidem
699 4173 886 4228 omittendum
903 4173 1105 4227 videturesse:
1129 4176 1162 4226 ut
1179 4173 1304 4243 Ranigat
1321 4173 1407 4228 fuerit
1425 4174 1545 4245 Aornos,
1568 4175 1615 4230 ubi
1689 4183 1693 4193 '

312 4246 429 4299 tandem
448 4244 503 4300 sita
523 4247 566 4298 est
583 4247 660 4299 terra
678 4243 822 4313 Assacani,
841 4244 871 4298 in
889 4261 975 4313 quam
992 4243 1059 4298 inde
1078 4243 1160 4298 duxit
1177 4244 1352 4300 Alexander?

402 4327 448 4394 85)
467 4322 606 4378 Diodorus
631 4326 660 4378 et
678 4323 789 4378 Curtius
815 4324 886 4378 alias
909 4340 1020 4393 quoque
1039 4339 1083 4378 res
1100 4341 1158 4378 non
1176 4324 1314 4379 maximas
1333 4326 1382 4379 sed
1399 4325 1531 4381 minimas
1549 4326 1614 4381 affe·

310 4399 403 4450 rentes
436 4399 553 4450 narrant
584 4397 694 4464 patrem
722 4413 785 4449 cum
812 4395 877 4449 filiis
906 4395 1015 4449 duobus
1043 4395 1152 4450 venisse
1181 4396 1230 4465 qui
1259 4399 1426 4467 paupertate
1449 4402 1614 4453 commotum

313 4467 419 4537 (Diod.)
443 4465 589 4536 octoginta
612 4466 728 4521 talentis
753 4467 847 4538 (Curt.)
872 4467 946 4520 viam
968 4465 1128 4537 promiserit
1151 4483 1180 4520 se
1203 4471 1422 4522 monstraturum
1445 4485 1512 4524 esse.
1554 4473 1615 4524 utut

313 4539 367 4592 hoc
386 4540 441 4592 est:
461 4541 536 4592 certe
555 4537 674 4592 Arriano
694 4538 849 4608 simplicius
867 4537 999 4593 referenti
1018 4555 1062 4593 res
1080 4538 1144 4608 plus
1163 4539 1325 4593 habendum
1343 4542 1387 4593 est
1404 4539 1478 4596 fidei.

383 4680 389 4691 ·
404 4613 450 4680 86)
468 4608 607 4664 Diodorus
626 4611 655 4664 et
669 4609 780 4664 Curtius
794 4609 838 4664 his
852 4609 882 4664 in
895 4609 979 4664 rebus
992 4609 1085 4664 minus
1100 4610 1225 4665 accurati
1238 4612 1312 4680 sunt,
1330 4613 1363 4665 ut
1375 4609 1422 4664 vix
1436 4628 1483 4666 eos
1498 4613 1613 4668 audeam

311 4696 398 4750 sequi.
