<?xml version="1.0" encoding="UTF-8"?>
<!DOCTYPE html PUBLIC "-//W3C//DTD XHTML 1.0 Transitional//EN"
    "http://www.w3.org/TR/xhtml1/DTD/xhtml1-transitional.dtd">
<html xmlns="http://www.w3.org/1999/xhtml" xml:lang="en" lang="en">
 <head>
  <title>
</title>
<meta http-equiv="Content-Type" content="text/html;charset=utf-8" />
  <meta name='ocr-system' content='tesseract 3.04.00' />
  <meta name='ocr-capabilities' content='ocr_page ocr_carea ocr_par ocr_line ocrx_word'/>
</head>
<body>
  <div class='ocr_page' id='page_1' title='image "./dealexandrimagn00anspgoog_0019.png"; bbox 0 0 3496 5308; ppageno 0'>
   <div class='ocr_carea' id='block_1_1' title="bbox 808 333 1028 398">
    <p class='ocr_par' dir='ltr' id='par_1_1' title="bbox 808 333 1028 398">
     <span class='ocr_line' id='line_1_1' title="bbox 808 333 1028 398; baseline 0 -18"><span class='ocrx_word' id='word_1_1' title='bbox 808 333 1028 398; x_wconf 74' lang='lat'>-12..</span> 
     </span>
    </p>
   </div>
   <div class='ocr_carea' id='block_1_2' title="bbox 263 491 1589 2052">
    <p class='ocr_par' dir='ltr' id='par_1_2' title="bbox 263 491 1589 1854">
     <span class='ocr_line' id='line_1_2' title="bbox 266 491 1572 578; baseline 0 -20"><span class='ocrx_word' id='word_1_2' title='bbox 266 493 361 558; x_wconf 89' lang='lat' dir='ltr'>hodie</span> <span class='ocrx_word' id='word_1_3' title='bbox 393 498 542 560; x_wconf 86' lang='lat' dir='ltr'>vocatum</span> <span class='ocrx_word' id='word_1_4' title='bbox 574 497 734 578; x_wconf 75' lang='lat' dir='ltr'>satrapam</span> <span class='ocrx_word' id='word_1_5' title='bbox 770 493 940 558; x_wconf 89' lang='lat' dir='ltr'>constituit</span> <span class='ocrx_word' id='word_1_6' title='bbox 971 492 1168 578; x_wconf 83' lang='lat' dir='ltr'>Tyriaspem.</span> <span class='ocrx_word' id='word_1_7' title='bbox 1228 491 1422 558; x_wconf 78' lang='lat' dir='ltr'><strong>Alexandria</strong></span> <span class='ocrx_word' id='word_1_8' title='bbox 1458 493 1572 558; x_wconf 92' lang='lat' dir='ltr'>deinde</span> 
     </span>
     <span class='ocr_line' id='line_1_3' title="bbox 265 589 1589 678; baseline 0 -23"><span class='ocrx_word' id='word_1_9' title='bbox 265 591 357 655; x_wconf 86' lang='lat' dir='ltr'>novis</span> <span class='ocrx_word' id='word_1_10' title='bbox 380 595 473 656; x_wconf 88' lang='lat' dir='ltr'>aucta</span> <span class='ocrx_word' id='word_1_11' title='bbox 496 591 617 656; x_wconf 89' lang='lat' dir='ltr'>colonis</span> <span class='ocrx_word' id='word_1_12' title='bbox 640 614 680 656; x_wconf 89' lang='lat' dir='ltr'>ex</span> <span class='ocrx_word' id='word_1_13' title='bbox 703 591 850 656; x_wconf 86' lang='lat' dir='ltr'>finitimis</span> <span class='ocrx_word' id='word_1_14' title='bbox 874 596 905 656; x_wconf 91' lang='grc'>61</span> <span class='ocrx_word' id='word_1_15' title='bbox 928 591 1139 656; x_wconf 79' lang='lat' dir='ltr'>Macedonum</span> <span class='ocrx_word' id='word_1_16' title='bbox 1162 591 1349 656; x_wconf 82' lang='lat' dir='ltr'>imbellibus</span> <span class='ocrx_word' id='word_1_17' title='bbox 1371 589 1589 678; x_wconf 61' lang='lat' dir='ltr'>Nicaeamil)¹</span> 
     </span>
     <span class='ocr_line' id='line_1_4' title="bbox 268 688 1571 776; baseline 0 -24"><span class='ocrx_word' id='word_1_18' title='bbox 268 689 308 752; x_wconf 92' lang='lat' dir='ltr'>ad</span> <span class='ocrx_word' id='word_1_19' title='bbox 331 689 444 754; x_wconf 93' lang='lat' dir='ltr'>urbem</span> <span class='ocrx_word' id='word_1_20' title='bbox 467 689 634 775; x_wconf 89' lang='lat' dir='ltr'>processit,</span> <span class='ocrx_word' id='word_1_21' title='bbox 657 689 715 754; x_wconf 93' lang='lat' dir='ltr'>ubi</span> <span class='ocrx_word' id='word_1_22' title='bbox 737 711 854 755; x_wconf 91' lang='lat' dir='ltr'>nomen</span> <span class='ocrx_word' id='word_1_23' title='bbox 877 689 969 773; x_wconf 83' lang='lat' dir='ltr'>quasi</span> <span class='ocrx_word' id='word_1_24' title='bbox 993 711 1087 754; x_wconf 91' lang='lat' dir='ltr'>omen</span> <span class='ocrx_word' id='word_1_25' title='bbox 1109 689 1186 754; x_wconf 93' lang='grc'><strong>116111</strong></span> <span class='ocrx_word' id='word_1_26' title='bbox 1209 689 1347 754; x_wconf 76' lang='lat' dir='ltr'><strong>feliciter</strong></span> <span class='ocrx_word' id='word_1_27' title='bbox 1369 688 1501 776; x_wconf 90' lang='lat' dir='ltr'>gerendi</span> <span class='ocrx_word' id='word_1_28' title='bbox 1519 689 1571 752; x_wconf 89' lang='lat' dir='ltr'>ad·</span> 
     </span>
     <span class='ocr_line' id='line_1_5' title="bbox 267 785 1571 872; baseline -0.001 -21"><span class='ocrx_word' id='word_1_29' title='bbox 267 787 389 871; x_wconf 88' lang='lat' dir='ltr'>cipiens</span> <span class='ocrx_word' id='word_1_30' title='bbox 415 786 578 852; x_wconf 84' lang='lat' dir='ltr'>Minervae</span> <span class='ocrx_word' id='word_1_31' title='bbox 611 787 807 852; x_wconf 73' lang='lat' dir='ltr'>sacrificant.</span> <span class='ocrx_word' id='word_1_32' title='bbox 862 787 1000 853; x_wconf 76' lang='lat' dir='ltr'>Nicaeae</span> <span class='ocrx_word' id='word_1_33' title='bbox 1032 809 1159 872; x_wconf 91' lang='lat' dir='ltr'>quoque</span> <span class='ocrx_word' id='word_1_34' title='bbox 1191 786 1374 852; x_wconf 83' lang='lat' dir='ltr'>Alexander</span> <span class='ocrx_word' id='word_1_35' title='bbox 1406 788 1484 851; x_wconf 90' lang='grc'><strong>66116</strong></span> <span class='ocrx_word' id='word_1_36' title='bbox 1516 785 1571 850; x_wconf 93' lang='lat' dir='ltr'>diu</span> 
     </span>
     <span class='ocr_line' id='line_1_6' title="bbox 266 881 1571 970; baseline 0 -22"><span class='ocrx_word' id='word_1_37' title='bbox 266 884 421 950; x_wconf 87' lang='lat' dir='ltr'>mansisse</span> <span class='ocrx_word' id='word_1_38' title='bbox 445 885 609 969; x_wconf 89' lang='lat' dir='ltr'>putandus</span> <span class='ocrx_word' id='word_1_39' title='bbox 632 889 689 950; x_wconf 90' lang='lat' dir='ltr'>est.</span> <span class='ocrx_word' id='word_1_40' title='bbox 730 907 919 970; x_wconf 86' lang='lat' dir='ltr'>praeconem</span> <span class='ocrx_word' id='word_1_41' title='bbox 943 885 1027 950; x_wconf 92' lang='lat' dir='ltr'>enim</span> <span class='ocrx_word' id='word_1_42' title='bbox 1050 881 1124 949; x_wconf 90' lang='lat' dir='ltr'>inde</span> <span class='ocrx_word' id='word_1_43' title='bbox 1148 889 1184 949; x_wconf 95' lang='lat' dir='ltr'>ut</span> <span class='ocrx_word' id='word_1_44' title='bbox 1202 884 1329 950; x_wconf 87' lang='lat' dir='ltr'>videtur</span> <span class='ocrx_word' id='word_1_45' title='bbox 1352 884 1491 967; x_wconf 87' lang='lat' dir='ltr'>miserat,</span> <span class='ocrx_word' id='word_1_46' title='bbox 1515 883 1571 968; x_wconf 93' lang='lat' dir='ltr'>qui</span> 
     </span>
     <span class='ocr_line' id='line_1_7' title="bbox 264 981 1570 1070; baseline 0 -24"><span class='ocrx_word' id='word_1_47' title='bbox 264 982 409 1048; x_wconf 84' lang='lat' dir='ltr'>Taxilem</span> <span class='ocrx_word' id='word_1_48' title='bbox 432 982 617 1048; x_wconf 84' lang='lat' dir='ltr'>Taxilarum</span> <span class='ocrx_word' id='word_1_49' title='bbox 640 983 781 1070; x_wconf 84' lang='lat' dir='ltr'>regionis</span> <span class='ocrx_word' id='word_1_50' title='bbox 804 983 888 1048; x_wconf 90' lang='lat' dir='ltr'>intra</span> <span class='ocrx_word' id='word_1_51' title='bbox 911 982 1027 1048; x_wconf 83' lang='lat' dir='ltr'>indum</span> <span class='ocrx_word' id='word_1_52' title='bbox 1050 987 1082 1048; x_wconf 88' lang='lat' dir='ltr'>et</span> <span class='ocrx_word' id='word_1_53' title='bbox 1100 981 1289 1068; x_wconf 81' lang='lat' dir='ltr'>Hydaspem</span> <span class='ocrx_word' id='word_1_54' title='bbox 1311 983 1426 1047; x_wconf 88' lang='lat' dir='ltr'>fluvios</span> <span class='ocrx_word' id='word_1_55' title='bbox 1450 981 1570 1067; x_wconf 89' lang='lat' dir='ltr'>superi·</span> 
     </span>
     <span class='ocr_line' id='line_1_8' title="bbox 265 1080 1570 1168; baseline 0 -24"><span class='ocrx_word' id='word_1_56' title='bbox 265 1103 334 1145; x_wconf 90' lang='lat' dir='ltr'>ores</span> <span class='ocrx_word' id='word_1_57' title='bbox 371 1081 453 1146; x_wconf 89' lang='lat' dir='ltr'>sitae</span> <span class='ocrx_word' id='word_1_58' title='bbox 490 1081 669 1166; x_wconf 90' lang='lat' dir='ltr'>principem</span> <span class='ocrx_word' id='word_1_59' title='bbox 706 1081 849 1166; x_wconf 88' lang='lat' dir='ltr'>aliosque</span> <span class='ocrx_word' id='word_1_60' title='bbox 882 1082 962 1146; x_wconf 90' lang='lat' dir='ltr'>citra</span> <span class='ocrx_word' id='word_1_61' title='bbox 993 1080 1108 1146; x_wconf 84' lang='lat' dir='ltr'>ludum</span> <span class='ocrx_word' id='word_1_62' title='bbox 1139 1085 1312 1168; x_wconf 79' lang='lat' dir='ltr'>regnantes</span> <span class='ocrx_word' id='word_1_63' title='bbox 1343 1080 1407 1165; x_wconf 92' lang='lat' dir='ltr'>ipsi</span> <span class='ocrx_word' id='word_1_64' title='bbox 1440 1080 1570 1144; x_wconf 82' lang='lat' dir='ltr'>obviam</span> 
     </span>
     <span class='ocr_line' id='line_1_9' title="bbox 264 1177 1570 1265; baseline 0 -23"><span class='ocrx_word' id='word_1_65' title='bbox 264 1179 309 1242; x_wconf 90' lang='lat' dir='ltr'>ire</span> <span class='ocrx_word' id='word_1_66' title='bbox 340 1179 475 1244; x_wconf 91' lang='lat' dir='ltr'>iuberet.</span> <span class='ocrx_word' id='word_1_67' title='bbox 521 1201 558 1243; x_wconf 91' lang='lat' dir='ltr'>ac</span> <span class='ocrx_word' id='word_1_68' title='bbox 586 1179 712 1244; x_wconf 86' lang='lat' dir='ltr'>Taxiles</span> <span class='ocrx_word' id='word_1_69' title='bbox 742 1179 875 1264; x_wconf 90' lang='lat' dir='ltr'>quidem</span> <span class='ocrx_word' id='word_1_70' title='bbox 906 1179 971 1244; x_wconf 90' lang='lat' dir='ltr'>iam</span> <span class='ocrx_word' id='word_1_71' title='bbox 1003 1181 1088 1244; x_wconf 89' lang='lat' dir='ltr'>inter</span> <span class='ocrx_word' id='word_1_72' title='bbox 1115 1177 1293 1265; x_wconf 83' lang='lat' dir='ltr'>Sogdianos</span> <span class='ocrx_word' id='word_1_73' title='bbox 1322 1182 1502 1243; x_wconf 86' lang='lat' dir='ltr'>versantem</span> <span class='ocrx_word' id='word_1_74' title='bbox 1530 1178 1570 1242; x_wconf 91' lang='lat' dir='ltr'>ad</span> 
     </span>
     <span class='ocr_line' id='line_1_10' title="bbox 263 1274 1569 1364; baseline -0.001 -23"><span class='ocrx_word' id='word_1_75' title='bbox 263 1275 484 1341; x_wconf 85' lang='lat' dir='ltr'>Alexandrum</span> <span class='ocrx_word' id='word_1_76' title='bbox 514 1277 639 1363; x_wconf 86' lang='lat' dir='ltr'>legatos</span> <span class='ocrx_word' id='word_1_77' title='bbox 671 1278 814 1357; x_wconf 87' lang='lat' dir='ltr'>miserat,</span> <span class='ocrx_word' id='word_1_78' title='bbox 849 1300 882 1342; x_wconf 91' lang='lat' dir='ltr'>se</span> <span class='ocrx_word' id='word_1_79' title='bbox 914 1299 1112 1364; x_wconf 89' lang='lat' dir='ltr'>regnumque</span> <span class='ocrx_word' id='word_1_80' title='bbox 1145 1274 1434 1363; x_wconf 55' lang='lat' dir='ltr'>commissurusffl),</span> <span class='ocrx_word' id='word_1_81' title='bbox 1465 1298 1569 1360; x_wconf 92' lang='lat' dir='ltr'>neque</span> 
     </span>
     <span class='ocr_line' id='line_1_11' title="bbox 264 1373 1570 1459; baseline 0 -21"><span class='ocrx_word' id='word_1_82' title='bbox 264 1379 335 1438; x_wconf 86' lang='lat' dir='ltr'>turn</span> <span class='ocrx_word' id='word_1_83' title='bbox 359 1374 533 1439; x_wconf 91' lang='lat' dir='ltr'>amicitiam</span> <span class='ocrx_word' id='word_1_84' title='bbox 555 1375 694 1440; x_wconf 88' lang='lat' dir='ltr'>mutavit</span> <span class='ocrx_word' id='word_1_85' title='bbox 717 1376 772 1440; x_wconf 92' lang='lat' dir='ltr'>sed</span> <span class='ocrx_word' id='word_1_86' title='bbox 794 1376 890 1441; x_wconf 85' lang='lat' dir='ltr'>venit.</span> <span class='ocrx_word' id='word_1_87' title='bbox 937 1375 991 1440; x_wconf 90' lang='lat' dir='ltr'>alii</span> <span class='ocrx_word' id='word_1_88' title='bbox 1015 1375 1111 1440; x_wconf 92' lang='lat' dir='ltr'>simul</span> <span class='ocrx_word' id='word_1_89' title='bbox 1129 1374 1312 1440; x_wconf 87' lang='lat' dir='ltr'>Alexandro</span> <span class='ocrx_word' id='word_1_90' title='bbox 1331 1374 1366 1439; x_wconf 89' lang='lat' dir='ltr'>in</span> <span class='ocrx_word' id='word_1_91' title='bbox 1385 1373 1570 1459; x_wconf 81' lang='lat' dir='ltr'>Cophenem</span> 
     </span>
     <span class='ocr_line' id='line_1_12' title="bbox 263 1471 1569 1560; baseline 0.001 -25"><span class='ocrx_word' id='word_1_92' title='bbox 263 1494 375 1536; x_wconf 86' lang='lat' dir='ltr'>versus</span> <span class='ocrx_word' id='word_1_93' title='bbox 407 1471 471 1552; x_wconf 84' lang='lat' dir='ltr'>iam</span> <span class='ocrx_word' id='word_1_94' title='bbox 498 1471 747 1560; x_wconf 74' lang='lat' dir='ltr'>protendenti²⁹)</span> <span class='ocrx_word' id='word_1_95' title='bbox 775 1473 879 1560; x_wconf 86' lang='lat' dir='ltr'>reguli</span> <span class='ocrx_word' id='word_1_96' title='bbox 906 1473 1053 1538; x_wconf 89' lang='lat' dir='ltr'>nonnulli</span> <span class='ocrx_word' id='word_1_97' title='bbox 1081 1495 1257 1552; x_wconf 89' lang='lat' dir='ltr'>occurrere,</span> <span class='ocrx_word' id='word_1_98' title='bbox 1290 1473 1373 1538; x_wconf 88' lang='lat' dir='ltr'>dona</span> <span class='ocrx_word' id='word_1_99' title='bbox 1401 1474 1569 1537; x_wconf 89' lang='lat' dir='ltr'>afferentes</span> 
     </span>
     <span class='ocr_line' id='line_1_13' title="bbox 266 1569 1570 1656; baseline 0 -22"><span class='ocrx_word' id='word_1_100' title='bbox 266 1569 399 1654; x_wconf 91' lang='lat' dir='ltr'>plurimi</span> <span class='ocrx_word' id='word_1_101' title='bbox 435 1571 520 1655; x_wconf 89' lang='lat' dir='ltr'>apud</span> <span class='ocrx_word' id='word_1_102' title='bbox 552 1569 648 1636; x_wconf 88' lang='lat' dir='ltr'>Indos</span> <span class='ocrx_word' id='word_1_103' title='bbox 684 1571 851 1636; x_wconf 90' lang='lat' dir='ltr'>aestimata</span> <span class='ocrx_word' id='word_1_104' title='bbox 886 1576 919 1636; x_wconf 90' lang='lat' dir='ltr'>et</span> <span class='ocrx_word' id='word_1_105' title='bbox 955 1571 1144 1656; x_wconf 87' lang='lat' dir='ltr'>elephantos</span> <span class='ocrx_word' id='word_1_106' title='bbox 1180 1570 1267 1636; x_wconf 90' lang='lat' dir='ltr'>domi</span> <span class='ocrx_word' id='word_1_107' title='bbox 1302 1594 1382 1655; x_wconf 93' lang='lat' dir='ltr'>quos</span> <span class='ocrx_word' id='word_1_108' title='bbox 1414 1571 1570 1636; x_wconf 77' lang='lat' dir='ltr'>haberent</span> 
     </span>
     <span class='ocr_line' id='line_1_14' title="bbox 267 1667 1571 1756; baseline 0.002 -26"><span class='ocrx_word' id='word_1_109' title='bbox 267 1667 383 1754; x_wconf 87' lang='lat' dir='ltr'>viginti</span> <span class='ocrx_word' id='word_1_110' title='bbox 413 1669 555 1753; x_wconf 94' lang='lat' dir='ltr'>quinque</span> <span class='ocrx_word' id='word_1_111' title='bbox 583 1691 617 1734; x_wconf 93' lang='grc'>66</span> <span class='ocrx_word' id='word_1_112' title='bbox 645 1669 775 1734; x_wconf 88' lang='lat' dir='ltr'>daturos</span> <span class='ocrx_word' id='word_1_113' title='bbox 803 1670 999 1754; x_wconf 89' lang='lat' dir='ltr'>pollicentes.</span> <span class='ocrx_word' id='word_1_114' title='bbox 1050 1673 1143 1756; x_wconf 89' lang='lat' dir='ltr'>grato</span> <span class='ocrx_word' id='word_1_115' title='bbox 1171 1691 1225 1734; x_wconf 93' lang='grc'>666</span> <span class='ocrx_word' id='word_1_116' title='bbox 1254 1668 1360 1734; x_wconf 86' lang='lat' dir='ltr'>animo</span> <span class='ocrx_word' id='word_1_117' title='bbox 1388 1667 1571 1733; x_wconf 84' lang='lat' dir='ltr'>Alexander</span> 
     </span>
     <span class='ocr_line' id='line_1_15' title="bbox 265 1766 1125 1854; baseline 0.002 -25"><span class='ocrx_word' id='word_1_118' title='bbox 265 1766 386 1851; x_wconf 88' lang='lat' dir='ltr'>recepit</span> <span class='ocrx_word' id='word_1_119' title='bbox 408 1766 506 1851; x_wconf 91' lang='lat' dir='ltr'>inque</span> <span class='ocrx_word' id='word_1_120' title='bbox 530 1789 588 1832; x_wconf 88' lang='lat' dir='ltr'>suo</span> <span class='ocrx_word' id='word_1_121' title='bbox 613 1789 771 1852; x_wconf 90' lang='lat' dir='ltr'>quemque</span> <span class='ocrx_word' id='word_1_122' title='bbox 794 1790 893 1854; x_wconf 87' lang='lat' dir='ltr'>regno</span> <span class='ocrx_word' id='word_1_123' title='bbox 917 1767 1125 1834; x_wconf 82' lang='lat' dir='ltr'>confirmavit.</span> 
     </span>
    </p>

    <p class='ocr_par' dir='ltr' id='par_1_3' title="bbox 263 1864 1571 2052">
     <span class='ocr_line' id='line_1_16' title="bbox 353 1864 1571 1951; baseline 0 -21"><span class='ocrx_word' id='word_1_124' title='bbox 353 1864 429 1930; x_wconf 93' lang='lat' dir='ltr'>Non</span> <span class='ocrx_word' id='word_1_125' title='bbox 443 1865 580 1930; x_wconf 91' lang='lat' dir='ltr'>multum</span> <span class='ocrx_word' id='word_1_126' title='bbox 595 1864 659 1930; x_wconf 90' lang='grc'><strong>16111</strong></span> <span class='ocrx_word' id='word_1_127' title='bbox 673 1865 833 1930; x_wconf 90' lang='lat' dir='ltr'>exercitus</span> <span class='ocrx_word' id='word_1_128' title='bbox 848 1865 1028 1951; x_wconf 81' lang='lat' dir='ltr'>aOophene</span> <span class='ocrx_word' id='word_1_129' title='bbox 1042 1865 1140 1932; x_wconf 84' lang='lat' dir='ltr'>fluvio</span> <span class='ocrx_word' id='word_1_130' title='bbox 1155 1866 1280 1930; x_wconf 85' lang='lat' dir='ltr'>aberat:</span> <span class='ocrx_word' id='word_1_131' title='bbox 1295 1867 1404 1950; x_wconf 87' lang='lat' dir='ltr'>plures</span> <span class='ocrx_word' id='word_1_132' title='bbox 1414 1866 1571 1950; x_wconf 88' lang='lat' dir='ltr'>patebant</span> 
     </span>
     <span class='ocr_line' id='line_1_17' title="bbox 263 1961 1570 2052; baseline 0.002 -26"><span class='ocrx_word' id='word_1_133' title='bbox 263 1961 337 2027; x_wconf 91' lang='grc'><strong>1166</strong></span> <span class='ocrx_word' id='word_1_134' title='bbox 356 1961 390 2026; x_wconf 89' lang='grc'>111</span> <span class='ocrx_word' id='word_1_135' title='bbox 408 1962 506 2027; x_wconf 90' lang='lat' dir='ltr'>Indos</span> <span class='ocrx_word' id='word_1_136' title='bbox 524 1962 857 2052; x_wconf 82' lang='lat' dir='ltr'>progredientibus.³⁰)</span> <span class='ocrx_word' id='word_1_137' title='bbox 890 1968 1087 2050; x_wconf 88' lang='lat' dir='ltr'>quapropter</span> <span class='ocrx_word' id='word_1_138' title='bbox 1106 1965 1281 2029; x_wconf 90' lang='lat' dir='ltr'>exercitum</span> <span class='ocrx_word' id='word_1_139' title='bbox 1300 1963 1408 2028; x_wconf 87' lang='lat' dir='ltr'>divisit</span> <span class='ocrx_word' id='word_1_140' title='bbox 1426 1963 1570 2028; x_wconf 89' lang='lat' dir='ltr'>Macedo:</span> 
     </span>
    </p>
   </div>
   <div class='ocr_carea' id='block_1_3' title="bbox 190 2155 1571 3724">
    <p class='ocr_par' dir='ltr' id='par_1_4' title="bbox 190 2155 1571 3724">
     <span class='ocr_line' id='line_1_18' title="bbox 265 2155 1569 2227; baseline 0 -17"><span class='ocrx_word' id='word_1_141' title='bbox 265 2155 374 2226; x_wconf 87' lang='lat' dir='ltr'>graecis</span> <span class='ocrx_word' id='word_1_142' title='bbox 394 2155 418 2210; x_wconf 91' lang='grc'>16</span> <span class='ocrx_word' id='word_1_143' title='bbox 436 2155 536 2210; x_wconf 89' lang='lat' dir='ltr'>fluvius</span> <span class='ocrx_word' id='word_1_144' title='bbox 556 2159 585 2212; x_wconf 97' lang='grc'>61</span> <span class='ocrx_word' id='word_1_145' title='bbox 599 2156 648 2225; x_wconf 91' lang='lat' dir='ltr'>qui</span> <span class='ocrx_word' id='word_1_146' title='bbox 663 2173 696 2211; x_wconf 89' lang='lat' dir='ltr'>ex</span> <span class='ocrx_word' id='word_1_147' title='bbox 711 2157 847 2211; x_wconf 83' lang='lat' dir='ltr'>Gurband</span> <span class='ocrx_word' id='word_1_148' title='bbox 861 2160 891 2212; x_wconf 89' lang='lat' dir='ltr'>et</span> <span class='ocrx_word' id='word_1_149' title='bbox 904 2157 1021 2227; x_wconf 85' lang='lat' dir='ltr'>Pandjir</span> <span class='ocrx_word' id='word_1_150' title='bbox 1034 2157 1125 2210; x_wconf 84' lang='lat' dir='ltr'>fluviis</span> <span class='ocrx_word' id='word_1_151' title='bbox 1141 2157 1281 2211; x_wconf 90' lang='lat' dir='ltr'>confluens</span> <span class='ocrx_word' id='word_1_152' title='bbox 1296 2156 1340 2226; x_wconf 89' lang='lat' dir='ltr'>(cf.</span> <span class='ocrx_word' id='word_1_153' title='bbox 1355 2156 1469 2210; x_wconf 85' lang='lat' dir='ltr'>Lezium</span> <span class='ocrx_word' id='word_1_154' title='bbox 1483 2175 1510 2226; x_wconf 89' lang='lat' dir='ltr'>p.</span> <span class='ocrx_word' id='word_1_155' title='bbox 1527 2159 1569 2226; x_wconf 87' lang='lat'>18)</span> 
     </span>
     <span class='ocr_line' id='line_1_19' title="bbox 263 2227 1570 2298; baseline 0.002 -18"><span class='ocrx_word' id='word_1_156' title='bbox 263 2227 356 2298; x_wconf 88' lang='lat' dir='ltr'>Logar</span> <span class='ocrx_word' id='word_1_157' title='bbox 379 2245 442 2281; x_wconf 89' lang='lat' dir='ltr'>cum</span> <span class='ocrx_word' id='word_1_158' title='bbox 465 2228 559 2282; x_wconf 86' lang='lat' dir='ltr'>Kabul</span> <span class='ocrx_word' id='word_1_159' title='bbox 582 2227 683 2298; x_wconf 79' lang='lat' dir='ltr'>recipit</span> <span class='ocrx_word' id='word_1_160' title='bbox 706 2231 735 2282; x_wconf 91' lang='grc'>61</span> <span class='ocrx_word' id='word_1_161' title='bbox 756 2228 823 2284; x_wconf 90' lang='lat' dir='ltr'>inde</span> <span class='ocrx_word' id='word_1_162' title='bbox 848 2228 891 2283; x_wconf 88' lang='lat' dir='ltr'>vel</span> <span class='ocrx_word' id='word_1_163' title='bbox 909 2229 1003 2283; x_wconf 88' lang='lat' dir='ltr'>Kabul</span> <span class='ocrx_word' id='word_1_164' title='bbox 1021 2228 1065 2283; x_wconf 89' lang='lat' dir='ltr'>vel</span> <span class='ocrx_word' id='word_1_165' title='bbox 1083 2229 1176 2282; x_wconf 88' lang='lat' dir='ltr'>Baran</span> <span class='ocrx_word' id='word_1_166' title='bbox 1194 2228 1238 2282; x_wconf 90' lang='grc'>161</span> <span class='ocrx_word' id='word_1_167' title='bbox 1256 2227 1348 2282; x_wconf 90' lang='lat' dir='ltr'>Lundi</span> <span class='ocrx_word' id='word_1_168' title='bbox 1369 2228 1416 2298; x_wconf 89' lang='lat' dir='ltr'>(ab</span> <span class='ocrx_word' id='word_1_169' title='bbox 1436 2227 1570 2283; x_wconf 89' lang='lat' dir='ltr'>influente</span> 
     </span>
     <span class='ocr_line' id='line_1_20' title="bbox 263 2298 1567 2370; baseline 0.002 -18"><span class='ocrx_word' id='word_1_170' title='bbox 263 2298 356 2352; x_wconf 88' lang='lat' dir='ltr'>Lundi</span> <span class='ocrx_word' id='word_1_171' title='bbox 374 2298 418 2352; x_wconf 93' lang='lat' dir='ltr'>vel</span> <span class='ocrx_word' id='word_1_172' title='bbox 436 2299 536 2370; x_wconf 86' lang='lat' dir='ltr'>Laudi)</span> <span class='ocrx_word' id='word_1_173' title='bbox 557 2299 593 2353; x_wconf 88' lang='lat' dir='ltr'>ab</span> <span class='ocrx_word' id='word_1_174' title='bbox 612 2298 712 2354; x_wconf 91' lang='lat' dir='ltr'>incolis</span> <span class='ocrx_word' id='word_1_175' title='bbox 730 2300 833 2354; x_wconf 91' lang='lat' dir='ltr'>nostris</span> <span class='ocrx_word' id='word_1_176' title='bbox 852 2299 1024 2370; x_wconf 80' lang='lat' dir='ltr'>temporibus</span> <span class='ocrx_word' id='word_1_177' title='bbox 1044 2299 1205 2370; x_wconf 86' lang='lat' dir='ltr'>appellatus</span> <span class='ocrx_word' id='word_1_178' title='bbox 1223 2299 1253 2354; x_wconf 92' lang='lat' dir='ltr'>in</span> <span class='ocrx_word' id='word_1_179' title='bbox 1271 2299 1372 2354; x_wconf 88' lang='lat' dir='ltr'>Indum</span> <span class='ocrx_word' id='word_1_180' title='bbox 1390 2315 1420 2353; x_wconf 91' lang='grc'>66</span> <span class='ocrx_word' id='word_1_181' title='bbox 1441 2298 1567 2354; x_wconf 88' lang='lat' dir='ltr'>inmittit.</span> 
     </span>
     <span class='ocr_line' id='line_1_21' title="bbox 263 2369 1569 2440; baseline 0.002 -18"><span class='ocrx_word' id='word_1_182' title='bbox 263 2370 357 2424; x_wconf 88' lang='lat' dir='ltr'>Kabul</span> <span class='ocrx_word' id='word_1_183' title='bbox 377 2372 472 2424; x_wconf 89' lang='lat' dir='ltr'>autem</span> <span class='ocrx_word' id='word_1_184' title='bbox 491 2373 520 2425; x_wconf 92' lang='grc'>61</span> <span class='ocrx_word' id='word_1_185' title='bbox 537 2370 643 2439; x_wconf 80' lang='grc' dir='ltr'><em>Κωφὴς</em></span> <span class='ocrx_word' id='word_1_186' title='bbox 660 2371 775 2426; x_wconf 88' lang='lat' dir='ltr'>nomina</span> <span class='ocrx_word' id='word_1_187' title='bbox 792 2388 848 2425; x_wconf 92' lang='lat' dir='ltr'>non</span> <span class='ocrx_word' id='word_1_188' title='bbox 867 2371 965 2426; x_wconf 87' lang='lat' dir='ltr'>eadem</span> <span class='ocrx_word' id='word_1_189' title='bbox 979 2388 1039 2426; x_wconf 91' lang='grc'><strong>6666</strong></span> <span class='ocrx_word' id='word_1_190' title='bbox 1053 2371 1123 2424; x_wconf 84' lang='lat' dir='ltr'>milii</span> <span class='ocrx_word' id='word_1_191' title='bbox 1138 2371 1252 2439; x_wconf 89' lang='lat' dir='ltr'>quidem</span> <span class='ocrx_word' id='word_1_192' title='bbox 1266 2373 1374 2424; x_wconf 86' lang='lat' dir='ltr'>certum</span> <span class='ocrx_word' id='word_1_193' title='bbox 1388 2373 1437 2424; x_wconf 90' lang='lat' dir='ltr'>est.</span> <span class='ocrx_word' id='word_1_194' title='bbox 1470 2369 1569 2440; x_wconf 89' lang='lat' dir='ltr'>prioris</span> 
     </span>
     <span class='ocr_line' id='line_1_22' title="bbox 263 2440 1570 2512; baseline 0.002 -19"><span class='ocrx_word' id='word_1_195' title='bbox 263 2440 385 2495; x_wconf 90' lang='lat' dir='ltr'>nominis</span> <span class='ocrx_word' id='word_1_196' title='bbox 406 2458 458 2495; x_wconf 89' lang='lat' dir='ltr'>vox</span> <span class='ocrx_word' id='word_1_197' title='bbox 477 2441 572 2496; x_wconf 90' lang='lat' dir='ltr'>indica</span> <span class='ocrx_word' id='word_1_198' title='bbox 590 2441 705 2511; x_wconf 79' lang='lat' dir='ltr'>Kapila,</span> <span class='ocrx_word' id='word_1_199' title='bbox 729 2441 892 2512; x_wconf 86' lang='lat' dir='ltr'>posterioris</span> <span class='ocrx_word' id='word_1_200' title='bbox 910 2441 1014 2497; x_wconf 77' lang='lat' dir='ltr'>Kubha</span> <span class='ocrx_word' id='word_1_201' title='bbox 1031 2441 1142 2496; x_wconf 91' lang='lat' dir='ltr'>videtur</span> <span class='ocrx_word' id='word_1_202' title='bbox 1161 2458 1229 2496; x_wconf 88' lang='lat' dir='ltr'>esse.</span> <span class='ocrx_word' id='word_1_203' title='bbox 1265 2440 1405 2512; x_wconf 85' lang='lat' dir='ltr'>principes</span> <span class='ocrx_word' id='word_1_204' title='bbox 1424 2441 1522 2512; x_wconf 90' lang='lat' dir='ltr'>populi</span> <span class='ocrx_word' id='word_1_205' title='bbox 1541 2441 1570 2496; x_wconf 90' lang='lat' dir='ltr'>in</span> 
     </span>
     <span class='ocr_line' id='line_1_23' title="bbox 263 2511 1571 2584; baseline 0.002 -18"><span class='ocrx_word' id='word_1_206' title='bbox 263 2511 384 2566; x_wconf 86' lang='lat' dir='ltr'>vallibus</span> <span class='ocrx_word' id='word_1_207' title='bbox 404 2512 547 2579; x_wconf 76' lang='grc'><strong>(1111116111,</strong></span> <span class='ocrx_word' id='word_1_208' title='bbox 566 2513 692 2579; x_wconf 76' lang='lat' dir='ltr'>Pernen,</span> <span class='ocrx_word' id='word_1_209' title='bbox 715 2513 840 2583; x_wconf 85' lang='lat' dir='ltr'>Pandjir,</span> <span class='ocrx_word' id='word_1_210' title='bbox 859 2514 974 2584; x_wconf 88' lang='lat' dir='ltr'>Nigrow</span> <span class='ocrx_word' id='word_1_211' title='bbox 992 2512 1138 2568; x_wconf 84' lang='lat' dir='ltr'>fluviorum</span> <span class='ocrx_word' id='word_1_212' title='bbox 1157 2517 1310 2582; x_wconf 88' lang='lat' dir='ltr'>antequam</span> <span class='ocrx_word' id='word_1_213' title='bbox 1329 2517 1431 2568; x_wconf 90' lang='lat' dir='ltr'>coeunt</span> <span class='ocrx_word' id='word_1_214' title='bbox 1449 2515 1478 2566; x_wconf 91' lang='lat' dir='ltr'>et</span> <span class='ocrx_word' id='word_1_215' title='bbox 1497 2513 1571 2568; x_wconf 88' lang='lat' dir='ltr'>circa</span> 
     </span>
     <span class='ocr_line' id='line_1_24' title="bbox 264 2582 1570 2665; baseline 0.001 -29"><span class='ocrx_word' id='word_1_216' title='bbox 264 2582 403 2652; x_wconf 85' lang='lat' dir='ltr'>Alishang</span> <span class='ocrx_word' id='word_1_217' title='bbox 429 2586 458 2637; x_wconf 91' lang='lat' dir='ltr'>et</span> <span class='ocrx_word' id='word_1_218' title='bbox 476 2583 595 2654; x_wconf 86' lang='lat' dir='ltr'>Alingar</span> <span class='ocrx_word' id='word_1_219' title='bbox 613 2584 658 2665; x_wconf 71' lang='lat' dir='ltr'>(cf.</span> <span class='ocrx_word' id='word_1_220' title='bbox 677 2584 779 2654; x_wconf 78' lang='grc'><strong>1111161,</strong></span> <span class='ocrx_word' id='word_1_221' title='bbox 798 2585 885 2639; x_wconf 90' lang='lat' dir='ltr'>Asien</span> <span class='ocrx_word' id='word_1_222' title='bbox 903 2585 936 2652; x_wconf 83' lang='lat' dir='ltr'>V,</span> <span class='ocrx_word' id='word_1_223' title='bbox 956 2588 1018 2655; x_wconf 80' lang='lat'>245)</span> <span class='ocrx_word' id='word_1_224' title='bbox 1041 2585 1099 2638; x_wconf 89' lang='lat' dir='ltr'>iam</span> <span class='ocrx_word' id='word_1_225' title='bbox 1117 2585 1154 2638; x_wconf 88' lang='lat' dir='ltr'>ab</span> <span class='ocrx_word' id='word_1_226' title='bbox 1174 2583 1378 2653; x_wconf 87' lang='lat' dir='ltr'>antiquissimis</span> <span class='ocrx_word' id='word_1_227' title='bbox 1396 2584 1570 2653; x_wconf 86' lang='lat' dir='ltr'>temporibus</span> 
     </span>
     <span class='ocr_line' id='line_1_25' title="bbox 264 2653 1570 2726; baseline 0.001 -19"><span class='ocrx_word' id='word_1_228' title='bbox 264 2653 431 2721; x_wconf 80' lang='lat' dir='ltr'>habitantis,</span> <span class='ocrx_word' id='word_1_229' title='bbox 453 2654 634 2722; x_wconf 80' lang='lat' dir='ltr'>thistam‚</span> <span class='ocrx_word' id='word_1_230' title='bbox 657 2655 852 2726; x_wconf 84' lang='lat' dir='ltr'>Afghanisque</span> <span class='ocrx_word' id='word_1_231' title='bbox 874 2674 931 2711; x_wconf 92' lang='lat' dir='ltr'>non</span> <span class='ocrx_word' id='word_1_232' title='bbox 954 2656 1039 2726; x_wconf 88' lang='lat' dir='ltr'>plane</span> <span class='ocrx_word' id='word_1_233' title='bbox 1058 2654 1186 2722; x_wconf 78' lang='lat' dir='ltr'>subiecti,</span> <span class='ocrx_word' id='word_1_234' title='bbox 1209 2657 1366 2710; x_wconf 80' lang='lat' dir='ltr'>Kowanin</span> <span class='ocrx_word' id='word_1_235' title='bbox 1389 2655 1570 2710; x_wconf 87' lang='lat' dir='ltr'>nominantur</span> 
     </span>
     <span class='ocr_line' id='line_1_26' title="bbox 264 2725 1569 2797; baseline 0.002 -18"><span class='ocrx_word' id='word_1_236' title='bbox 264 2726 298 2780; x_wconf 91' lang='lat' dir='ltr'>cf.</span> <span class='ocrx_word' id='word_1_237' title='bbox 327 2726 432 2780; x_wconf 88' lang='lat' dir='ltr'>Lassen</span> <span class='ocrx_word' id='word_1_238' title='bbox 455 2727 481 2793; x_wconf 93' lang='grc' dir='ltr'><strong>Ι,</strong></span> <span class='ocrx_word' id='word_1_239' title='bbox 500 2731 553 2780; x_wconf 87' lang='grc'>430</span> <span class='ocrx_word' id='word_1_240' title='bbox 582 2726 645 2781; x_wconf 90' lang='lat' dir='ltr'>adn.</span> <span class='ocrx_word' id='word_1_241' title='bbox 661 2733 685 2782; x_wconf 81' lang='lat'>2.</span> <span class='ocrx_word' id='word_1_242' title='bbox 722 2727 813 2797; x_wconf 88' lang='lat' dir='ltr'>primo</span> <span class='ocrx_word' id='word_1_243' title='bbox 841 2728 954 2782; x_wconf 88' lang='grc'><strong>66661116</strong></span> <span class='ocrx_word' id='word_1_244' title='bbox 982 2726 1136 2782; x_wconf 87' lang='lat' dir='ltr'>christiano</span> <span class='ocrx_word' id='word_1_245' title='bbox 1163 2727 1279 2781; x_wconf 89' lang='lat' dir='ltr'>ineunte</span> <span class='ocrx_word' id='word_1_246' title='bbox 1306 2726 1351 2782; x_wconf 89' lang='lat' dir='ltr'>vel</span> <span class='ocrx_word' id='word_1_247' title='bbox 1377 2725 1474 2796; x_wconf 88' lang='lat' dir='ltr'>paullo</span> <span class='ocrx_word' id='word_1_248' title='bbox 1504 2729 1569 2782; x_wconf 87' lang='lat' dir='ltr'>ante</span> 
     </span>
     <span class='ocr_line' id='line_1_27' title="bbox 264 2797 1569 2870; baseline 0.002 -20"><span class='ocrx_word' id='word_1_249' title='bbox 264 2797 357 2851; x_wconf 90' lang='lat' dir='ltr'>Kaofu</span> <span class='ocrx_word' id='word_1_250' title='bbox 389 2814 489 2852; x_wconf 91' lang='lat' dir='ltr'>nomen</span> <span class='ocrx_word' id='word_1_251' title='bbox 523 2797 602 2868; x_wconf 85' lang='lat' dir='ltr'>genti</span> <span class='ocrx_word' id='word_1_252' title='bbox 634 2797 767 2853; x_wconf 89' lang='lat' dir='ltr'>Iueitschi</span> <span class='ocrx_word' id='word_1_253' title='bbox 803 2799 901 2870; x_wconf 92' lang='lat' dir='ltr'>populi</span> <span class='ocrx_word' id='word_1_254' title='bbox 934 2799 1033 2853; x_wconf 91' lang='lat' dir='ltr'>datum</span> <span class='ocrx_word' id='word_1_255' title='bbox 1070 2815 1130 2853; x_wconf 91' lang='grc'><strong>6666</strong></span> <span class='ocrx_word' id='word_1_256' title='bbox 1162 2798 1238 2852; x_wconf 86' lang='lat' dir='ltr'>idem</span> <span class='ocrx_word' id='word_1_257' title='bbox 1269 2798 1375 2852; x_wconf 89' lang='lat' dir='ltr'>Lassen</span> <span class='ocrx_word' id='word_1_258' title='bbox 1411 2797 1493 2852; x_wconf 91' lang='grc'><strong>166116</strong></span> <span class='ocrx_word' id='word_1_259' title='bbox 1526 2801 1569 2852; x_wconf 90' lang='grc'>661</span> 
     </span>
     <span class='ocr_line' id='line_1_28' title="bbox 263 2868 1568 2938; baseline 0 -16"><span class='ocrx_word' id='word_1_260' title='bbox 263 2869 297 2937; x_wconf 90' lang='grc' dir='ltr'><strong>Π,</strong></span> <span class='ocrx_word' id='word_1_261' title='bbox 317 2874 377 2935; x_wconf 87' lang='grc'><strong>813,</strong></span> <span class='ocrx_word' id='word_1_262' title='bbox 401 2868 451 2938; x_wconf 88' lang='lat' dir='ltr'>qui</span> <span class='ocrx_word' id='word_1_263' title='bbox 478 2868 550 2922; x_wconf 92' lang='lat' dir='ltr'>illud</span> <span class='ocrx_word' id='word_1_264' title='bbox 576 2887 677 2924; x_wconf 90' lang='lat' dir='ltr'>nomen</span> <span class='ocrx_word' id='word_1_265' title='bbox 705 2887 768 2924; x_wconf 90' lang='lat' dir='ltr'>cum</span> <span class='ocrx_word' id='word_1_266' title='bbox 786 2870 879 2924; x_wconf 87' lang='lat' dir='ltr'>Kabul</span> <span class='ocrx_word' id='word_1_267' title='bbox 907 2869 1020 2924; x_wconf 89' lang='lat' dir='ltr'>nomine</span> <span class='ocrx_word' id='word_1_268' title='bbox 1048 2870 1164 2924; x_wconf 85' lang='lat' dir='ltr'>confert.</span> <span class='ocrx_word' id='word_1_269' title='bbox 1201 2868 1302 2924; x_wconf 89' lang='lat' dir='ltr'>melius</span> <span class='ocrx_word' id='word_1_270' title='bbox 1336 2869 1373 2924; x_wconf 85' lang='lat' dir='ltr'>ad</span> <span class='ocrx_word' id='word_1_271' title='bbox 1397 2869 1568 2926; x_wconf 86' lang='lat' dir='ltr'>Kohistanos</span> 
     </span>
     <span class='ocr_line' id='line_1_29' title="bbox 265 2939 1569 3011; baseline 0.002 -19"><span class='ocrx_word' id='word_1_272' title='bbox 265 2939 363 2994; x_wconf 89' lang='lat' dir='ltr'>referri</span> <span class='ocrx_word' id='word_1_273' title='bbox 399 2943 476 3010; x_wconf 91' lang='lat' dir='ltr'>puto.</span> <span class='ocrx_word' id='word_1_274' title='bbox 522 2941 611 2995; x_wconf 87' lang='lat' dir='ltr'>altero</span> <span class='ocrx_word' id='word_1_275' title='bbox 648 2941 760 2996; x_wconf 87' lang='grc'><strong>66661116</strong></span> <span class='ocrx_word' id='word_1_276' title='bbox 796 2960 824 3011; x_wconf 88' lang='lat' dir='ltr'>p.</span> <span class='ocrx_word' id='word_1_277' title='bbox 844 2941 905 2996; x_wconf 88' lang='lat' dir='ltr'>Chr.</span> <span class='ocrx_word' id='word_1_278' title='bbox 939 2940 1087 3011; x_wconf 88' lang='lat' dir='ltr'>imperium</span> <span class='ocrx_word' id='word_1_279' title='bbox 1111 2941 1204 2996; x_wconf 86' lang='lat' dir='ltr'>Kaofu</span> <span class='ocrx_word' id='word_1_280' title='bbox 1236 2958 1254 2994; x_wconf 85' lang='lat' dir='ltr'>a</span> <span class='ocrx_word' id='word_1_281' title='bbox 1282 2939 1419 2995; x_wconf 82' lang='lat' dir='ltr'>Chinesiis</span> <span class='ocrx_word' id='word_1_282' title='bbox 1452 2958 1569 2995; x_wconf 89' lang='lat' dir='ltr'>comme-</span> 
     </span>
     <span class='ocr_line' id='line_1_30' title="bbox 190 3011 1571 3084; baseline 0 -20"><span class='ocrx_word' id='word_1_283' title='bbox 190 3050 192 3054; x_wconf 82' lang='lat'>·</span> <span class='ocrx_word' id='word_1_284' title='bbox 264 3011 368 3066; x_wconf 84' lang='lat' dir='ltr'>morari</span> <span class='ocrx_word' id='word_1_285' title='bbox 394 3011 483 3066; x_wconf 89' lang='lat' dir='ltr'>Kruse</span> <span class='ocrx_word' id='word_1_286' title='bbox 516 3011 586 3065; x_wconf 91' lang='lat' dir='ltr'>dicit</span> <span class='ocrx_word' id='word_1_287' title='bbox 613 3014 649 3082; x_wconf 74' lang='lat' dir='ltr'>(p.</span> <span class='ocrx_word' id='word_1_288' title='bbox 671 3015 732 3084; x_wconf 86' lang='grc'><strong>181)</strong></span> <span class='ocrx_word' id='word_1_289' title='bbox 761 3013 839 3068; x_wconf 85' lang='lat' dir='ltr'>cuius</span> <span class='ocrx_word' id='word_1_290' title='bbox 866 3013 976 3068; x_wconf 89' lang='lat' dir='ltr'>incolae</span> <span class='ocrx_word' id='word_1_291' title='bbox 1004 3011 1143 3067; x_wconf 89' lang='lat' dir='ltr'>similibus</span> <span class='ocrx_word' id='word_1_292' title='bbox 1171 3015 1257 3080; x_wconf 88' lang='lat' dir='ltr'>atque</span> <span class='ocrx_word' id='word_1_293' title='bbox 1285 3012 1348 3066; x_wconf 85' lang='lat' dir='ltr'>Iudi</span> <span class='ocrx_word' id='word_1_294' title='bbox 1374 3012 1498 3066; x_wconf 89' lang='lat' dir='ltr'>moribus</span> <span class='ocrx_word' id='word_1_295' title='bbox 1526 3011 1571 3065; x_wconf 90' lang='lat' dir='ltr'>usi</span> 
     </span>
     <span class='ocr_line' id='line_1_31' title="bbox 264 3081 1570 3153; baseline 0.002 -18"><span class='ocrx_word' id='word_1_296' title='bbox 264 3081 334 3149; x_wconf 79' lang='lat' dir='ltr'>sint3</span> <span class='ocrx_word' id='word_1_297' title='bbox 361 3081 419 3136; x_wconf 88' lang='lat' dir='ltr'>iam</span> <span class='ocrx_word' id='word_1_298' title='bbox 444 3083 520 3151; x_wconf 90' lang='lat' dir='ltr'>quod</span> <span class='ocrx_word' id='word_1_299' title='bbox 547 3083 631 3137; x_wconf 88' lang='lat' dir='ltr'>hodie</span> <span class='ocrx_word' id='word_1_300' title='bbox 650 3084 746 3138; x_wconf 88' lang='lat' dir='ltr'>Kafirn</span> <span class='ocrx_word' id='word_1_301' title='bbox 773 3084 817 3138; x_wconf 93' lang='lat' dir='ltr'>vel</span> <span class='ocrx_word' id='word_1_302' title='bbox 835 3083 963 3139; x_wconf 86' lang='lat' dir='ltr'>Kauffirn</span> <span class='ocrx_word' id='word_1_303' title='bbox 990 3083 1088 3153; x_wconf 91' lang='lat' dir='ltr'>populi</span> <span class='ocrx_word' id='word_1_304' title='bbox 1115 3082 1159 3136; x_wconf 89' lang='lat' dir='ltr'>illi</span> <span class='ocrx_word' id='word_1_305' title='bbox 1186 3083 1217 3137; x_wconf 90' lang='lat' dir='ltr'>in</span> <span class='ocrx_word' id='word_1_306' title='bbox 1245 3082 1459 3153; x_wconf 89' lang='lat' dir='ltr'>septentrionali</span> <span class='ocrx_word' id='word_1_307' title='bbox 1489 3086 1570 3152; x_wconf 88' lang='lat' dir='ltr'>parte</span> 
     </span>
     <span class='ocr_line' id='line_1_32' title="bbox 264 3153 1569 3225; baseline 0.002 -19"><span class='ocrx_word' id='word_1_308' title='bbox 264 3153 435 3208; x_wconf 85' lang='lat' dir='ltr'>Kabulistan</span> <span class='ocrx_word' id='word_1_309' title='bbox 472 3156 563 3208; x_wconf 86' lang='lat' dir='ltr'>terrae</span> <span class='ocrx_word' id='word_1_310' title='bbox 599 3155 762 3210; x_wconf 88' lang='lat' dir='ltr'>habitantes</span> <span class='ocrx_word' id='word_1_311' title='bbox 788 3159 946 3223; x_wconf 84' lang='grc'><strong>1666111111,</strong></span> <span class='ocrx_word' id='word_1_312' title='bbox 989 3154 1183 3225; x_wconf 82' lang='lat' dir='ltr'>significantur</span> <span class='ocrx_word' id='word_1_313' title='bbox 1219 3153 1334 3223; x_wconf 91' lang='lat' dir='ltr'>quidem</span> <span class='ocrx_word' id='word_1_314' title='bbox 1370 3153 1420 3208; x_wconf 91' lang='lat' dir='ltr'>illo</span> <span class='ocrx_word' id='word_1_315' title='bbox 1457 3154 1569 3209; x_wconf 87' lang='lat' dir='ltr'>nornine</span> 
     </span>
     <span class='ocr_line' id='line_1_33' title="bbox 264 3223 1571 3296; baseline 0.002 -18"><span class='ocrx_word' id='word_1_316' title='bbox 264 3223 391 3279; x_wconf 89' lang='lat' dir='ltr'>homines</span> <span class='ocrx_word' id='word_1_317' title='bbox 410 3224 663 3281; x_wconf 87' lang='lat' dir='ltr'>fidei-islamiticae</span> <span class='ocrx_word' id='word_1_318' title='bbox 681 3245 738 3282; x_wconf 88' lang='lat' dir='ltr'>non</span> <span class='ocrx_word' id='word_1_319' title='bbox 757 3227 860 3296; x_wconf 90' lang='lat' dir='ltr'>dediti,</span> <span class='ocrx_word' id='word_1_320' title='bbox 883 3230 979 3280; x_wconf 88' lang='lat' dir='ltr'>tamen</span> <span class='ocrx_word' id='word_1_321' title='bbox 997 3225 1109 3280; x_wconf 80' lang='lat' dir='ltr'>facilius</span> <span class='ocrx_word' id='word_1_322' title='bbox 1128 3225 1158 3278; x_wconf 93' lang='lat' dir='ltr'>id</span> <span class='ocrx_word' id='word_1_323' title='bbox 1176 3242 1279 3280; x_wconf 90' lang='lat' dir='ltr'>nomen</span> <span class='ocrx_word' id='word_1_324' title='bbox 1298 3225 1427 3280; x_wconf 88' lang='lat' dir='ltr'>adhiberi</span> <span class='ocrx_word' id='word_1_325' title='bbox 1445 3225 1571 3296; x_wconf 88' lang='lat' dir='ltr'>potuisse</span> 
     </span>
     <span class='ocr_line' id='line_1_34' title="bbox 263 3295 1569 3368; baseline 0.001 -18"><span class='ocrx_word' id='word_1_326' title='bbox 263 3298 346 3364; x_wconf 83' lang='lat' dir='ltr'>puto,</span> <span class='ocrx_word' id='word_1_327' title='bbox 379 3313 442 3350; x_wconf 88' lang='lat' dir='ltr'>cum</span> <span class='ocrx_word' id='word_1_328' title='bbox 470 3295 555 3350; x_wconf 86' lang='lat' dir='ltr'>simili</span> <span class='ocrx_word' id='word_1_329' title='bbox 582 3297 695 3352; x_wconf 88' lang='lat' dir='ltr'>nomine</span> <span class='ocrx_word' id='word_1_330' title='bbox 722 3298 816 3354; x_wconf 86' lang='lat' dir='ltr'>Kaofu</span> <span class='ocrx_word' id='word_1_331' title='bbox 843 3297 901 3352; x_wconf 90' lang='lat' dir='ltr'>ism</span> <span class='ocrx_word' id='word_1_332' title='bbox 929 3296 1085 3365; x_wconf 80' lang='lat' dir='ltr'>antiquItus</span> <span class='ocrx_word' id='word_1_333' title='bbox 1117 3297 1158 3350; x_wconf 93' lang='lat' dir='ltr'>ibi</span> <span class='ocrx_word' id='word_1_334' title='bbox 1186 3299 1285 3368; x_wconf 86' lang='lat' dir='ltr'>gentes</span> <span class='ocrx_word' id='word_1_335' title='bbox 1316 3297 1477 3367; x_wconf 88' lang='lat' dir='ltr'>appellatae</span> <span class='ocrx_word' id='word_1_336' title='bbox 1505 3297 1569 3351; x_wconf 90' lang='lat' dir='ltr'>sint.</span> 
     </span>
     <span class='ocr_line' id='line_1_35' title="bbox 266 3367 1571 3451; baseline 0.001 -31"><span class='ocrx_word' id='word_1_337' title='bbox 266 3368 360 3422; x_wconf 90' lang='lat' dir='ltr'>nescio</span> <span class='ocrx_word' id='word_1_338' title='bbox 386 3385 470 3436; x_wconf 90' lang='lat' dir='ltr'>quam</span> <span class='ocrx_word' id='word_1_339' title='bbox 489 3385 538 3422; x_wconf 91' lang='lat' dir='ltr'>rex</span> <span class='ocrx_word' id='word_1_340' title='bbox 561 3368 703 3438; x_wconf 88' lang='lat' dir='ltr'>regionem</span> <span class='ocrx_word' id='word_1_341' title='bbox 726 3373 803 3424; x_wconf 88' lang='grc'><strong>116116</strong></span> <span class='ocrx_word' id='word_1_342' title='bbox 823 3369 983 3451; x_wconf 80' lang='lat' dir='ltr'>Cophenem</span> <span class='ocrx_word' id='word_1_343' title='bbox 1001 3369 1038 3422; x_wconf 89' lang='lat' dir='ltr'>ad</span> <span class='ocrx_word' id='word_1_344' title='bbox 1056 3367 1203 3424; x_wconf 90' lang='lat' dir='ltr'>meridiem</span> <span class='ocrx_word' id='word_1_345' title='bbox 1221 3369 1305 3422; x_wconf 85' lang='lat' dir='ltr'>sitam</span> <span class='ocrx_word' id='word_1_346' title='bbox 1323 3367 1353 3421; x_wconf 90' lang='lat' dir='ltr'>in</span> <span class='ocrx_word' id='word_1_347' title='bbox 1372 3367 1511 3424; x_wconf 88' lang='lat' dir='ltr'>dicionem</span> <span class='ocrx_word' id='word_1_348' title='bbox 1529 3385 1571 3422; x_wconf 91' lang='grc'>16-</span> 
     </span>
     <span class='ocr_line' id='line_1_36' title="bbox 266 3438 1570 3509; baseline 0.002 -18"><span class='ocrx_word' id='word_1_349' title='bbox 266 3438 384 3509; x_wconf 78' lang='lat' dir='ltr'>degent.</span> <span class='ocrx_word' id='word_1_350' title='bbox 416 3457 483 3493; x_wconf 91' lang='lat' dir='ltr'>nam</span> <span class='ocrx_word' id='word_1_351' title='bbox 502 3457 564 3494; x_wconf 90' lang='lat' dir='ltr'>cum</span> <span class='ocrx_word' id='word_1_352' title='bbox 584 3440 620 3494; x_wconf 88' lang='lat' dir='ltr'>ab</span> <span class='ocrx_word' id='word_1_353' title='bbox 638 3440 786 3495; x_wconf 87' lang='lat' dir='ltr'>Arachotis</span> <span class='ocrx_word' id='word_1_354' title='bbox 805 3443 913 3494; x_wconf 90' lang='lat' dir='ltr'>vemret</span> <span class='ocrx_word' id='word_1_355' title='bbox 931 3440 961 3494; x_wconf 92' lang='lat' dir='ltr'>in</span> <span class='ocrx_word' id='word_1_356' title='bbox 978 3439 1205 3509; x_wconf 83' lang='lat' dir='ltr'>Paropanisadae</span> <span class='ocrx_word' id='word_1_357' title='bbox 1224 3439 1270 3494; x_wconf 89' lang='grc'>116</span> <span class='ocrx_word' id='word_1_358' title='bbox 1288 3457 1354 3494; x_wconf 85' lang='lat' dir='ltr'>usus</span> <span class='ocrx_word' id='word_1_359' title='bbox 1373 3456 1433 3494; x_wconf 87' lang='grc'><strong>6666</strong></span> <span class='ocrx_word' id='word_1_360' title='bbox 1451 3439 1570 3506; x_wconf 80' lang='lat' dir='ltr'>videtur,</span> 
     </span>
     <span class='ocr_line' id='line_1_37' title="bbox 266 3509 1570 3578; baseline 0 -14"><span class='ocrx_word' id='word_1_361' title='bbox 266 3527 338 3578; x_wconf 85' lang='lat' dir='ltr'>quae</span> <span class='ocrx_word' id='word_1_362' title='bbox 357 3509 442 3565; x_wconf 90' lang='lat' dir='ltr'>hodic</span> <span class='ocrx_word' id='word_1_363' title='bbox 460 3511 583 3566; x_wconf 89' lang='lat' dir='ltr'>conectit</span> <span class='ocrx_word' id='word_1_364' title='bbox 597 3510 976 3577; x_wconf 55' lang='lat' dir='ltr'>caesarianas-Karina,</span> <span class='ocrx_word' id='word_1_365' title='bbox 999 3513 1031 3565; x_wconf 95' lang='lat' dir='ltr'>ut</span> <span class='ocrx_word' id='word_1_366' title='bbox 1048 3511 1131 3566; x_wconf 86' lang='lat' dir='ltr'>valde</span> <span class='ocrx_word' id='word_1_367' title='bbox 1150 3510 1268 3566; x_wconf 90' lang='lat' dir='ltr'>dubium</span> <span class='ocrx_word' id='word_1_368' title='bbox 1285 3511 1330 3578; x_wconf 84' lang='lat' dir='ltr'>sit,</span> <span class='ocrx_word' id='word_1_369' title='bbox 1349 3529 1416 3566; x_wconf 89' lang='lat' dir='ltr'>num</span> <span class='ocrx_word' id='word_1_370' title='bbox 1435 3511 1492 3565; x_wconf 89' lang='lat' dir='ltr'>iam</span> <span class='ocrx_word' id='word_1_371' title='bbox 1510 3513 1570 3565; x_wconf 90' lang='lat' dir='ltr'>tum</span> 
     </span>
     <span class='ocr_line' id='line_1_38' title="bbox 264 3581 1570 3653; baseline 0.002 -19"><span class='ocrx_word' id='word_1_372' title='bbox 264 3581 301 3634; x_wconf 86' lang='lat' dir='ltr'>ad</span> <span class='ocrx_word' id='word_1_373' title='bbox 327 3581 486 3651; x_wconf 86' lang='lat' dir='ltr'>Cophenem</span> <span class='ocrx_word' id='word_1_374' title='bbox 510 3583 659 3638; x_wconf 86' lang='lat' dir='ltr'>accesserit</span> <span class='ocrx_word' id='word_1_375' title='bbox 682 3585 711 3636; x_wconf 92' lang='lat' dir='ltr'>et</span> <span class='ocrx_word' id='word_1_376' title='bbox 733 3585 833 3652; x_wconf 88' lang='lat' dir='ltr'>postea</span> <span class='ocrx_word' id='word_1_377' title='bbox 851 3583 1010 3653; x_wconf 86' lang='lat' dir='ltr'>Cophenem</span> <span class='ocrx_word' id='word_1_378' title='bbox 1032 3585 1224 3653; x_wconf 86' lang='lat' dir='ltr'>transgressus</span> <span class='ocrx_word' id='word_1_379' title='bbox 1246 3585 1371 3638; x_wconf 85' lang='lat' dir='ltr'>nonest.</span> <span class='ocrx_word' id='word_1_380' title='bbox 1409 3599 1496 3651; x_wconf 89' lang='lat' dir='ltr'>quare</span> <span class='ocrx_word' id='word_1_381' title='bbox 1514 3599 1570 3637; x_wconf 91' lang='lat' dir='ltr'>non</span> 
     </span>
     <span class='ocr_line' id='line_1_39' title="bbox 263 3651 864 3724; baseline 0.007 -19"><span class='ocrx_word' id='word_1_382' title='bbox 263 3651 398 3723; x_wconf 86' lang='lat' dir='ltr'>intellego</span> <span class='ocrx_word' id='word_1_383' title='bbox 416 3653 553 3724; x_wconf 80' lang='lat' dir='ltr'>Droyseni</span> <span class='ocrx_word' id='word_1_384' title='bbox 572 3654 667 3708; x_wconf 90' lang='lat' dir='ltr'>adnot.</span> <span class='ocrx_word' id='word_1_385' title='bbox 686 3655 757 3724; x_wconf 88' lang='lat' dir='ltr'>Hp.</span> <span class='ocrx_word' id='word_1_386' title='bbox 778 3660 864 3724; x_wconf 79' lang='lat'>102‚3.</span> 
     </span>
    </p>
   </div>
   <div class='ocr_carea' id='block_1_4' title="bbox 242 3733 1572 3876">
    <p class='ocr_par' dir='ltr' id='par_1_5' title="bbox 242 3733 1572 3876">
     <span class='ocr_line' id='line_1_40' title="bbox 354 3733 1571 3804; baseline 0.002 -18"><span class='ocrx_word' id='word_1_387' title='bbox 354 3733 554 3803; x_wconf 74' lang='grc'><strong>2711116666111</strong></span> <span class='ocrx_word' id='word_1_388' title='bbox 576 3735 675 3789; x_wconf 91' lang='lat' dir='ltr'>urbem</span> <span class='ocrx_word' id='word_1_389' title='bbox 698 3735 818 3788; x_wconf 87' lang='lat' dir='ltr'>eandam</span> <span class='ocrx_word' id='word_1_390' title='bbox 840 3735 926 3790; x_wconf 82' lang='lat' dir='ltr'>fiiisse</span> <span class='ocrx_word' id='word_1_391' title='bbox 953 3736 1038 3804; x_wconf 89' lang='lat' dir='ltr'>atque</span> <span class='ocrx_word' id='word_1_392' title='bbox 1057 3734 1215 3804; x_wconf 82' lang='lat' dir='ltr'>Ortospana</span> <span class='ocrx_word' id='word_1_393' title='bbox 1234 3733 1379 3789; x_wconf 89' lang='lat' dir='ltr'>contendit</span> <span class='ocrx_word' id='word_1_394' title='bbox 1398 3733 1458 3788; x_wconf 83' lang='lat' dir='ltr'>Car.</span> <span class='ocrx_word' id='word_1_395' title='bbox 1477 3735 1571 3790; x_wconf 85' lang='lat' dir='ltr'>Ritter</span> 
     </span>
     <span class='ocr_line' id='line_1_41' title="bbox 242 3803 1572 3876; baseline 0.004 -21"><span class='ocrx_word' id='word_1_396' title='bbox 242 3832 244 3836; x_wconf 95' lang='lat'>·</span> <span class='ocrx_word' id='word_1_397' title='bbox 264 3803 282 3856; x_wconf 93' lang='grc'>1.</span> <span class='ocrx_word' id='word_1_398' title='bbox 303 3803 321 3857; x_wconf 92' lang='lat' dir='ltr'>l.</span> <span class='ocrx_word' id='word_1_399' title='bbox 341 3823 368 3874; x_wconf 92' lang='lat' dir='ltr'>p.</span> <span class='ocrx_word' id='word_1_400' title='bbox 390 3810 423 3858; x_wconf 87' lang='grc'>16</span> <span class='ocrx_word' id='word_1_401' title='bbox 443 3805 487 3876; x_wconf 90' lang='lat' dir='ltr'>(ef.</span> <span class='ocrx_word' id='word_1_402' title='bbox 509 3805 596 3860; x_wconf 89' lang='lat' dir='ltr'>etiam</span> <span class='ocrx_word' id='word_1_403' title='bbox 615 3805 761 3860; x_wconf 85' lang='lat' dir='ltr'>Schuffert.</span> <span class='ocrx_word' id='word_1_404' title='bbox 781 3825 808 3876; x_wconf 89' lang='lat' dir='ltr'>p.</span> <span class='ocrx_word' id='word_1_405' title='bbox 829 3809 864 3876; x_wconf 84' lang='grc'>9.)</span> <span class='ocrx_word' id='word_1_406' title='bbox 883 3808 1056 3876; x_wconf 88' lang='lat' dir='ltr'>negaverunt</span> <span class='ocrx_word' id='word_1_407' title='bbox 1074 3805 1135 3859; x_wconf 88' lang='lat' dir='ltr'>iure</span> <span class='ocrx_word' id='word_1_408' title='bbox 1153 3805 1252 3874; x_wconf 82' lang='lat' dir='ltr'>Droys.</span> <span class='ocrx_word' id='word_1_409' title='bbox 1284 3805 1318 3858; x_wconf 93' lang='lat' dir='ltr'>II.</span> <span class='ocrx_word' id='word_1_410' title='bbox 1339 3811 1390 3859; x_wconf 71' lang='lat'>102</span> <span class='ocrx_word' id='word_1_411' title='bbox 1410 3806 1474 3861; x_wconf 87' lang='lat' dir='ltr'>adn.</span> <span class='ocrx_word' id='word_1_412' title='bbox 1506 3809 1572 3860; x_wconf 89' lang='grc'>461</span> 
     </span>
    </p>
   </div>
   <div class='ocr_carea' id='block_1_5' title="bbox 263 3875 1679 3948">
    <p class='ocr_par' dir='ltr' id='par_1_6' title="bbox 263 3875 1679 3948">
     <span class='ocr_line' id='line_1_42' title="bbox 263 3875 1679 3948; baseline 0.001 -20"><span class='ocrx_word' id='word_1_413' title='bbox 263 3875 376 3930; x_wconf 86' lang='lat' dir='ltr'>Lassen.</span> <span class='ocrx_word' id='word_1_414' title='bbox 395 3876 421 3930; x_wconf 91' lang='grc' dir='ltr'>ΙΙ</span> <span class='ocrx_word' id='word_1_415' title='bbox 439 3895 466 3946; x_wconf 93' lang='lat' dir='ltr'>p.</span> <span class='ocrx_word' id='word_1_416' title='bbox 488 3883 547 3944; x_wconf 83' lang='lat'>133,</span> <span class='ocrx_word' id='word_1_417' title='bbox 568 3876 625 3931; x_wconf 89' lang='lat' dir='ltr'>alii.</span> <span class='ocrx_word' id='word_1_418' title='bbox 662 3876 726 3931; x_wconf 86' lang='lat' dir='ltr'>vide</span> <span class='ocrx_word' id='word_1_419' title='bbox 748 3894 821 3946; x_wconf 89' lang='lat' dir='ltr'>quae</span> <span class='ocrx_word' id='word_1_420' title='bbox 845 3895 930 3948; x_wconf 87' lang='lat' dir='ltr'>supra</span> <span class='ocrx_word' id='word_1_421' title='bbox 954 3877 989 3932; x_wconf 92' lang='lat' dir='ltr'>de</span> <span class='ocrx_word' id='word_1_422' title='bbox 1012 3875 1201 3932; x_wconf 86' lang='lat' dir='ltr'>Alexandriae</span> <span class='ocrx_word' id='word_1_423' title='bbox 1224 3875 1281 3930; x_wconf 90' lang='lat' dir='ltr'>situ</span> <span class='ocrx_word' id='word_1_424' title='bbox 1304 3875 1410 3946; x_wconf 85' lang='grc'><strong>66111161.</strong></span> <span class='ocrx_word' id='word_1_425' title='bbox 1449 3877 1472 3930; x_wconf 90' lang='grc'>61</span> <span class='ocrx_word' id='word_1_426' title='bbox 1497 3877 1571 3932; x_wconf 90' lang='lat' dir='ltr'>inter</span> <span class='ocrx_word' id='word_1_427' title='bbox 1676 3909 1679 3918; x_wconf 91' lang='lat'>·</span> 
     </span>
    </p>
   </div>
   <div class='ocr_carea' id='block_1_6' title="bbox 264 3947 1570 4016">
    <p class='ocr_par' dir='ltr' id='par_1_7' title="bbox 264 3947 1570 4016">
     <span class='ocr_line' id='line_1_43' title="bbox 264 3947 1570 4016; baseline 0.001 -15"><span class='ocrx_word' id='word_1_428' title='bbox 264 3963 310 4001; x_wconf 88' lang='lat' dir='ltr'>eas</span> <span class='ocrx_word' id='word_1_429' title='bbox 339 3947 585 4016; x_wconf 90' lang='lat' dir='ltr'>comprehenditur</span> <span class='ocrx_word' id='word_1_430' title='bbox 612 3948 694 4002; x_wconf 89' lang='lat' dir='ltr'>urbes</span> <span class='ocrx_word' id='word_1_431' title='bbox 723 3966 792 4016; x_wconf 88' lang='lat' dir='ltr'>quas</span> <span class='ocrx_word' id='word_1_432' title='bbox 819 3949 959 4002; x_wconf 87' lang='lat' dir='ltr'>Diodorus</span> <span class='ocrx_word' id='word_1_433' title='bbox 982 3948 1068 4014; x_wconf 81' lang='lat' dir='ltr'>XVII,</span> <span class='ocrx_word' id='word_1_434' title='bbox 1092 3953 1152 4014; x_wconf 64' lang='grc'>833</span> <span class='ocrx_word' id='word_1_435' title='bbox 1182 3949 1380 4002; x_wconf 89' lang='lat' dir='ltr'>commemorat</span> <span class='ocrx_word' id='word_1_436' title='bbox 1409 3947 1501 4002; x_wconf 89' lang='lat' dir='ltr'>tribus</span> <span class='ocrx_word' id='word_1_437' title='bbox 1526 3949 1570 4002; x_wconf 90' lang='lat' dir='ltr'>vel</span> 
     </span>
    </p>
   </div>
   <div class='ocr_carea' id='block_1_7' title="bbox 263 4018 1570 4144">
    <p class='ocr_par' dir='ltr' id='par_1_8' title="bbox 263 4018 1570 4144">
     <span class='ocr_line' id='line_1_44' title="bbox 263 4018 1570 4144; baseline 0.003 -74"><span class='ocrx_word' id='word_1_438' title='bbox 263 4020 398 4086; x_wconf 91' lang='lat' dir='ltr'>quattuor</span> <span class='ocrx_word' id='word_1_439' title='bbox 415 4018 474 4073; x_wconf 86' lang='lat' dir='ltr'>fere</span> <span class='ocrx_word' id='word_1_440' title='bbox 491 4019 606 4074; x_wconf 89' lang='lat' dir='ltr'>milibus</span> <span class='ocrx_word' id='word_1_441' title='bbox 618 4018 822 4144; x_wconf 56' lang='lat' dir='ltr'>geographicis</span> <span class='ocrx_word' id='word_1_442' title='bbox 841 4021 877 4074; x_wconf 92' lang='lat' dir='ltr'>ab</span> <span class='ocrx_word' id='word_1_443' title='bbox 897 4018 1069 4074; x_wconf 88' lang='lat' dir='ltr'>Alexandria</span> <span class='ocrx_word' id='word_1_444' title='bbox 1088 4019 1195 4073; x_wconf 84' lang='lat' dir='ltr'>absitus</span> <span class='ocrx_word' id='word_1_445' title='bbox 1214 4019 1342 4073; x_wconf 86' lang='lat' dir='ltr'>conditas</span> <span class='ocrx_word' id='word_1_446' title='bbox 1362 4036 1436 4086; x_wconf 90' lang='grc'><strong>6666,</strong></span> <span class='ocrx_word' id='word_1_447' title='bbox 1462 4020 1570 4074; x_wconf 86' lang='lat' dir='ltr'>Nicaea</span> 
     </span>
    </p>
   </div>
   <div class='ocr_carea' id='block_1_8' title="bbox 262 4089 1622 4375">
    <p class='ocr_par' dir='ltr' id='par_1_9' title="bbox 262 4089 1622 4375">
     <span class='ocr_line' id='line_1_45' title="bbox 263 4089 1570 4160; baseline 0.002 -19"><span class='ocrx_word' id='word_1_448' title='bbox 263 4089 383 4144; x_wconf 86' lang='lat' dir='ltr'>fortasse</span> <span class='ocrx_word' id='word_1_449' title='bbox 411 4089 449 4144; x_wconf 89' lang='lat' dir='ltr'>ad</span> <span class='ocrx_word' id='word_1_450' title='bbox 472 4090 592 4160; x_wconf 87' lang='lat' dir='ltr'>Alingar</span> <span class='ocrx_word' id='word_1_451' title='bbox 638 4091 695 4144; x_wconf 91' lang='lat' dir='ltr'>uvi1</span> <span class='ocrx_word' id='word_1_452' title='bbox 722 4108 813 4160; x_wconf 75' lang='lat' dir='ltr'>lupam</span> <span class='ocrx_word' id='word_1_453' title='bbox 842 4094 909 4146; x_wconf 88' lang='lat' dir='ltr'>erat.</span> <span class='ocrx_word' id='word_1_454' title='bbox 956 4089 1023 4144; x_wconf 91' lang='lat' dir='ltr'>inde</span> <span class='ocrx_word' id='word_1_455' title='bbox 1050 4089 1107 4144; x_wconf 85' lang='lat' dir='ltr'>iam</span> <span class='ocrx_word' id='word_1_456' title='bbox 1135 4089 1165 4143; x_wconf 93' lang='lat' dir='ltr'>in</span> <span class='ocrx_word' id='word_1_457' title='bbox 1188 4089 1347 4160; x_wconf 73' lang='lat' dir='ltr'>Cophenem</span> <span class='ocrx_word' id='word_1_458' title='bbox 1369 4108 1464 4146; x_wconf 89' lang='lat' dir='ltr'>versus</span> <span class='ocrx_word' id='word_1_459' title='bbox 1489 4090 1570 4144; x_wconf 90' lang='lat' dir='ltr'>duxit</span> 
     </span>
     <span class='ocr_line' id='line_1_46' title="bbox 262 4159 1570 4231; baseline 0.002 -18"><span class='ocrx_word' id='word_1_460' title='bbox 262 4160 429 4214; x_wconf 89' lang='lat' dir='ltr'>Alexander.</span> <span class='ocrx_word' id='word_1_461' title='bbox 463 4163 548 4230; x_wconf 92' lang='lat' dir='ltr'>atque</span> <span class='ocrx_word' id='word_1_462' title='bbox 562 4162 674 4215; x_wconf 89' lang='lat' dir='ltr'>Lassen.</span> <span class='ocrx_word' id='word_1_463' title='bbox 689 4162 724 4227; x_wconf 89' lang='grc' dir='ltr'><strong>ΙΙ,</strong></span> <span class='ocrx_word' id='word_1_464' title='bbox 742 4180 769 4231; x_wconf 91' lang='lat' dir='ltr'>p.</span> <span class='ocrx_word' id='word_1_465' title='bbox 786 4168 836 4216; x_wconf 79' lang='lat'>132</span> <span class='ocrx_word' id='word_1_466' title='bbox 855 4179 957 4216; x_wconf 91' lang='lat' dir='ltr'>nomen</span> <span class='ocrx_word' id='word_1_467' title='bbox 976 4177 1039 4215; x_wconf 89' lang='grc'><strong>66111</strong></span> <span class='ocrx_word' id='word_1_468' title='bbox 1055 4159 1196 4216; x_wconf 86' lang='lat' dir='ltr'>invenisse</span> <span class='ocrx_word' id='word_1_469' title='bbox 1211 4177 1245 4214; x_wconf 94' lang='lat' dir='ltr'>ex</span> <span class='ocrx_word' id='word_1_470' title='bbox 1259 4161 1352 4216; x_wconf 92' lang='lat' dir='ltr'>omine</span> <span class='ocrx_word' id='word_1_471' title='bbox 1366 4162 1434 4216; x_wconf 91' lang='lat' dir='ltr'>belli</span> <span class='ocrx_word' id='word_1_472' title='bbox 1449 4161 1570 4217; x_wconf 89' lang='lat' dir='ltr'>feliciter</span> 
     </span>
     <span class='ocr_line' id='line_1_47' title="bbox 263 4232 1622 4302; baseline 0.002 -17"><span class='ocrx_word' id='word_1_473' title='bbox 263 4234 361 4286; x_wconf 90' lang='lat' dir='ltr'>contra</span> <span class='ocrx_word' id='word_1_474' title='bbox 383 4232 466 4287; x_wconf 81' lang='lat' dir='ltr'>indos</span> <span class='ocrx_word' id='word_1_475' title='bbox 496 4233 612 4302; x_wconf 86' lang='lat' dir='ltr'>gerendi</span> <span class='ocrx_word' id='word_1_476' title='bbox 640 4232 798 4302; x_wconf 88' lang='lat' dir='ltr'>suspicatus</span> <span class='ocrx_word' id='word_1_477' title='bbox 824 4235 873 4288; x_wconf 90' lang='grc'><strong>661,</strong></span> <span class='ocrx_word' id='word_1_478' title='bbox 911 4232 1035 4288; x_wconf 86' lang='lat' dir='ltr'>Wilson:</span> <span class='ocrx_word' id='word_1_479' title='bbox 1063 4233 1109 4286; x_wconf 91' lang='lat' dir='ltr'>Ar.</span> <span class='ocrx_word' id='word_1_480' title='bbox 1130 4234 1186 4286; x_wconf 89' lang='lat' dir='ltr'>ant.</span> <span class='ocrx_word' id='word_1_481' title='bbox 1205 4251 1233 4302; x_wconf 91' lang='lat' dir='ltr'>p.</span> <span class='ocrx_word' id='word_1_482' title='bbox 1255 4239 1305 4286; x_wconf 87' lang='lat'>183</span> <span class='ocrx_word' id='word_1_483' title='bbox 1331 4234 1429 4288; x_wconf 88' lang='lat' dir='ltr'>urbem</span> <span class='ocrx_word' id='word_1_484' title='bbox 1451 4252 1508 4288; x_wconf 90' lang='lat' dir='ltr'>non</span> <span class='ocrx_word' id='word_1_485' title='bbox 1533 4235 1568 4288; x_wconf 90' lang='lat' dir='ltr'>ab</span> <span class='ocrx_word' id='word_1_486' title='bbox 1614 4263 1622 4276; x_wconf 95' lang='lat'>·</span> 
     </span>
     <span class='ocr_line' id='line_1_48' title="bbox 263 4303 1569 4375; baseline 0.002 -19"><span class='ocrx_word' id='word_1_487' title='bbox 263 4303 423 4358; x_wconf 87' lang='lat' dir='ltr'>Alexandro</span> <span class='ocrx_word' id='word_1_488' title='bbox 447 4303 591 4358; x_wconf 75' lang='lat' dir='ltr'>condItam</span> <span class='ocrx_word' id='word_1_489' title='bbox 614 4304 664 4358; x_wconf 91' lang='lat' dir='ltr'>sed</span> <span class='ocrx_word' id='word_1_490' title='bbox 689 4321 790 4358; x_wconf 90' lang='lat' dir='ltr'>nomen</span> <span class='ocrx_word' id='word_1_491' title='bbox 808 4307 920 4360; x_wconf 89' lang='lat' dir='ltr'>tantum</span> <span class='ocrx_word' id='word_1_492' title='bbox 937 4303 1081 4375; x_wconf 89' lang='lat' dir='ltr'>proprium</span> <span class='ocrx_word' id='word_1_493' title='bbox 1099 4303 1227 4358; x_wconf 83' lang='lat' dir='ltr'>indicum</span> <span class='ocrx_word' id='word_1_494' title='bbox 1245 4304 1370 4375; x_wconf 78' lang='lat' dir='ltr'>Jayapur</span> <span class='ocrx_word' id='word_1_495' title='bbox 1388 4321 1488 4374; x_wconf 88' lang='lat' dir='ltr'>graece</span> <span class='ocrx_word' id='word_1_496' title='bbox 1507 4305 1569 4360; x_wconf 92' lang='lat' dir='ltr'>red-</span> 
     </span>
    </p>
   </div>
   <div class='ocr_carea' id='block_1_9' title="bbox 264 4373 834 4516">
    <p class='ocr_par' dir='ltr' id='par_1_10' title="bbox 264 4373 834 4516">
     <span class='ocr_line' id='line_1_49' title="bbox 264 4373 695 4443; baseline 0 -15"><span class='ocrx_word' id='word_1_497' title='bbox 264 4373 354 4428; x_wconf 89' lang='lat' dir='ltr'>ditum</span> <span class='ocrx_word' id='word_1_498' title='bbox 373 4389 433 4429; x_wconf 90' lang='lat' dir='ltr'>esse</span> <span class='ocrx_word' id='word_1_499' title='bbox 451 4377 535 4443; x_wconf 88' lang='lat' dir='ltr'>putat</span> <span class='ocrx_word' id='word_1_500' title='bbox 552 4375 695 4429; x_wconf 87' lang='lat' dir='ltr'>Nicaeam.</span> 
     </span>
     <span class='ocr_line' id='line_1_50' title="bbox 352 4445 834 4516; baseline 0.004 -18"><span class='ocrx_word' id='word_1_501' title='bbox 352 4447 397 4516; x_wconf 82' lang='lat'>28)</span> <span class='ocrx_word' id='word_1_502' title='bbox 416 4445 450 4499; x_wconf 89' lang='lat' dir='ltr'>cf.</span> <span class='ocrx_word' id='word_1_503' title='bbox 470 4445 551 4502; x_wconf 90' lang='lat' dir='ltr'>Diod.</span> <span class='ocrx_word' id='word_1_504' title='bbox 571 4445 656 4514; x_wconf 79' lang='lat' dir='ltr'>XVII,</span> <span class='ocrx_word' id='word_1_505' title='bbox 676 4452 744 4514; x_wconf 86' lang='grc'><strong>86,4.</strong></span> <span class='ocrx_word' id='word_1_506' title='bbox 832 4455 834 4460; x_wconf 89' lang='grc'><strong>“</strong></span> 
     </span>
    </p>
   </div>
   <div class='ocr_carea' id='block_1_10' title="bbox 262 4517 1569 4806">
    <p class='ocr_par' dir='ltr' id='par_1_11' title="bbox 262 4517 1569 4806">
     <span class='ocr_line' id='line_1_51' title="bbox 352 4517 1568 4660; baseline 0.003 -19"><span class='ocrx_word' id='word_1_507' title='bbox 352 4519 397 4657; x_wconf 66' lang='lat' dir='ltr'>Illi</span> <span class='ocrx_word' id='word_1_508' title='bbox 415 4535 441 4641; x_wconf 83' lang='lat' dir='ltr'>ii.</span> <span class='ocrx_word' id='word_1_509' title='bbox 460 4517 684 4657; x_wconf 43' lang='grc'><strong>1111111112111</strong></span> <span class='ocrx_word' id='word_1_510' title='bbox 704 4607 728 4643; x_wconf 90' lang='lat' dir='ltr'>a.</span> <span class='ocrx_word' id='word_1_511' title='bbox 749 4595 772 4644; x_wconf 88' lang='lat'>1.</span> <span class='ocrx_word' id='word_1_512' title='bbox 793 4589 893 4644; x_wconf 84' lang='lat' dir='ltr'>Strabo</span> <span class='ocrx_word' id='word_1_513' title='bbox 918 4606 990 4659; x_wconf 91' lang='lat' dir='ltr'>quae</span> <span class='ocrx_word' id='word_1_514' title='bbox 1009 4589 1091 4645; x_wconf 86' lang='lat' dir='ltr'>affert</span> <span class='ocrx_word' id='word_1_515' title='bbox 1107 4609 1134 4660; x_wconf 93' lang='lat' dir='ltr'>p.</span> <span class='ocrx_word' id='word_1_516' title='bbox 1155 4596 1220 4646; x_wconf 79' lang='lat'><strong>697:</strong></span> <span class='ocrx_word' id='word_1_517' title='bbox 1248 4589 1425 4645; x_wconf 73' lang='grc' dir='ltr'><strong><em>ἐπυνθάνετο</em></strong></span> <span class='ocrx_word' id='word_1_518' title='bbox 1444 4591 1514 4660; x_wconf 78' lang='grc' dir='ltr'><strong><em>πρὸς</em></strong></span> <span class='ocrx_word' id='word_1_519' title='bbox 1533 4589 1568 4645; x_wconf 74' lang='grc' dir='ltr'>ἕω</span> 
     </span>
     <span class='ocr_line' id='line_1_52' title="bbox 262 4658 1568 4731; baseline 0.002 -19"><span class='ocrx_word' id='word_1_520' title='bbox 262 4658 318 4712; x_wconf 90' lang='lat' dir='ltr'>nisi</span> <span class='ocrx_word' id='word_1_521' title='bbox 345 4659 375 4712; x_wconf 92' lang='lat' dir='ltr'>in</span> <span class='ocrx_word' id='word_1_522' title='bbox 402 4658 564 4714; x_wconf 88' lang='lat' dir='ltr'>universum</span> <span class='ocrx_word' id='word_1_523' title='bbox 591 4662 625 4716; x_wconf 92' lang='lat' dir='ltr'>de</span> <span class='ocrx_word' id='word_1_524' title='bbox 652 4660 780 4730; x_wconf 87' lang='lat' dir='ltr'>partibus</span> <span class='ocrx_word' id='word_1_525' title='bbox 803 4660 902 4715; x_wconf 80' lang='lat' dir='ltr'>Iudice</span> <span class='ocrx_word' id='word_1_526' title='bbox 929 4665 958 4716; x_wconf 92' lang='grc'>61</span> <span class='ocrx_word' id='word_1_527' title='bbox 984 4661 1216 4717; x_wconf 89' lang='lat' dir='ltr'>meridionalibus</span> <span class='ocrx_word' id='word_1_528' title='bbox 1245 4663 1273 4715; x_wconf 92' lang='lat' dir='ltr'>ct</span> <span class='ocrx_word' id='word_1_529' title='bbox 1301 4661 1568 4731; x_wconf 87' lang='lat' dir='ltr'>septentrionalibus</span> 
     </span>
     <span class='ocr_line' id='line_1_53' title="bbox 263 4729 1569 4806; baseline 0.004 -23"><span class='ocrx_word' id='word_1_530' title='bbox 263 4729 392 4800; x_wconf 88' lang='lat' dir='ltr'>intellegi</span> <span class='ocrx_word' id='word_1_531' title='bbox 422 4735 574 4801; x_wconf 90' lang='lat' dir='ltr'>nequeunt.</span> <span class='ocrx_word' id='word_1_532' title='bbox 626 4749 744 4802; x_wconf 91' lang='lat' dir='ltr'>cumque</span> <span class='ocrx_word' id='word_1_533' title='bbox 777 4732 920 4790; x_wconf 88' lang='lat' dir='ltr'>scriberet:</span> <span class='ocrx_word' id='word_1_534' title='bbox 954 4731 1034 4806; x_wconf 79' lang='grc' dir='ltr'><em>διέβη</em></span> <span class='ocrx_word' id='word_1_535' title='bbox 1062 4735 1111 4789; x_wconf 80' lang='grc' dir='ltr'>τὸν</span> <span class='ocrx_word' id='word_1_536' title='bbox 1139 4737 1267 4802; x_wconf 81' lang='grc' dir='ltr'><em>Κωφῆνα</em></span> <span class='ocrx_word' id='word_1_537' title='bbox 1296 4733 1423 4787; x_wconf 86' lang='lat' dir='ltr'>confudit</span> <span class='ocrx_word' id='word_1_538' title='bbox 1449 4733 1569 4788; x_wconf 87' lang='lat' dir='ltr'>fortasse</span> 
     </span>
    </p>
   </div>
   <div class='ocr_carea' id='block_1_11' title="bbox 0 0 1752 5308">
    <p class='ocr_par' dir='ltr' id='par_1_12' title="bbox 0 0 1752 5308">
     <span class='ocr_line' id='line_1_54' title="bbox 0 0 1752 5308; baseline 0 1"><span class='ocrx_word' id='word_1_539' title='bbox 0 0 1752 5308; x_wconf 95' lang='lat' dir='ltr'> </span> 
     </span>
    </p>
   </div>
  </div>
 </body>
</html>
