3506 5306
818 309 1062 372 -114-

287 488 400 552 urbem
428 487 468 551 ad
500 487 615 552 fluvios
649 487 846 551 confluentes
874 486 967 550 iussit
996 483 1190 572 condere⁸⁶¹)
1219 486 1420 570 Philippum,
1448 509 1605 572 magnam

289 608 359 649 eam
388 589 419 649 et
452 587 570 650 claram
603 585 672 650 fore
705 606 850 668 sperans;
883 585 979 648 etiarn
1007 585 1134 648 navalia
1161 585 1397 649 exaedificanda
1426 585 1604 648 mandavit.

287 685 475 767 priusquam
495 686 603 747 autem
622 683 786 766 profectus
806 687 854 746 est
869 680 1026 766 Oxyartes
1046 681 1236 746 Bactrianus
1256 681 1410 746 Roxanae
1423 681 1606 746 Alexandri

288 782 397 846 uxoris
425 786 517 866 pater
539 781 628 846 venit
659 782 715 864 qui
738 779 926 864 Tyriaspem
950 780 1260 864 Paropanisadarum
1289 783 1450 864 satrapam
1474 781 1605 846 rettulit

289 881 371 943 11111
394 880 561 965 negotium
585 878 724 962 exsequi.
756 899 854 961 quare
877 879 1027 942 submoto
1051 877 1207 962 Tyriaspe
1226 876 1401 963 Oxyartem
1424 877 1602 963 Paropani-

289 978 372 1041 sadis
396 972 614 1062 praefectam)
661 978 724 1040 iarn
754 976 919 1040 Craterum
950 997 1023 1040 cum
1051 977 1209 1041 exercitus
1237 981 1328 1062 parte
1356 977 1476 1041 maiore
1500 981 1602 1060 atque

289 1076 469 1160 elephantis
493 1074 663 1140 Acesinem
687 1074 822 1138 fluvium
845 1078 1081 1160 transgressum
1110 1075 1144 1138 11
1167 1075 1237 1159 ripa
1260 1075 1390 1139 sinistra
1413 1073 1485 1139 Indi
1507 1074 1604 1138 fluvii

289 1175 354 1237 iam
387 1173 558 1258 procedere
591 1173 684 1236 iussit
720 1194 793 1236 cum
827 1173 1027 1237 commodius
1065 1173 1132 1237 illio
1164 1173 1293 1258 gravius
1327 1173 1442 1236 armati
1474 1177 1605 1256 praeter

288 1272 423 1336 fluvium
442 1274 574 1354 possent
592 1270 743 1355 progredi
760 1292 864 1354 neque
883 1271 1039 1335 1111111111
1053 1271 1200 1335 11111111
1216 1293 1326 1335 omnes
1342 1271 1463 1336 amicae
1482 1275 1602 1335 essent.

290 1371 359 1453 ipse
391 1368 471 1433 Indo
504 1369 642 1434 secundo
675 1369 716 1432 ad
747 1366 927 1454 Sogdorum
960 1365 1140 1456 regiam³⁶³)
1174 1391 1271 1434 naves
1303 1369 1420 1452 tendit,
1449 1387 1545 1452 quae,
1576 1370 1605 1432 si

290 1589 314 1642 si
336 1605 424 1642 novae
447 1588 525 1642 urbis
548 1588 655 1642 insulas
679 1587 767 1641 fuisse
790 1591 930 1657 putamus.
969 1587 1099 1657 equidem
1119 1588 1287 1642 crediderim
1305 1587 1392 1642 fuisse
1411 1588 1475 1642 illos
1494 1588 1604 1642 milites

290 1678 353 1714 cnm
371 1660 491 1714 Pithone
515 1663 630 1730 satrapa
652 1660 774 1714 relictos.
812 1675 878 1712 nam
901 1660 988 1714 etiam
1012 1677 1075 1714 cum
1093 1659 1226 1730 Philippo
1250 1663 1366 1729 satrapa
1384 1661 1503 1714 Arriano
1526 1663 1604 1714 teste

289 1732 394 1786 milites
417 1749 474 1786 non
492 1732 576 1801 pauci
595 1731 688 1785 relicti
707 1734 779 1785 sunt.
814 1747 933 1800 cumque
951 1731 1078 1800 Philippi
1097 1733 1224 1801 satrapis
1242 1732 1279 1784 ad
1299 1731 1469 1786 confluentes
1488 1734 1605 1786 tantum

289 1803 389 1856 Indum
408 1806 437 1857 et
450 1802 599 1857 Acesinen]
617 1803 747 1869 attineat,
766 1803 817 1856 hos
831 1803 861 1856 in
874 1803 944 1856 urbe
958 1802 1225 1857 Alexandria-Uchh
1239 1803 1399 1857 consedisse
1413 1807 1490 1872 puto.
1524 1807 1603 1857 certe

289 1876 377 1928 etiam
394 1875 424 1927 in
442 1875 511 1928 urbe
531 1873 852 1945 Sogdorum-Sodrarum
870 1873 975 1927 milites
995 1891 1058 1928 cum
1072 1874 1192 1929 Pithone
1206 1874 1299 1929 relicti
1314 1877 1407 1941 erant;
1426 1875 1518 1928 tacuit
1532 1890 1604 1928 sane

290 1947 325 2000 de
348 1947 383 1999 iis
406 1946 491 2015 plane
509 1947 657 2013 Arrianus,
686 1946 735 1999 sed
758 1946 793 1998 de
812 1945 932 1999 Pithone
954 1946 1053 2000 eodem
1076 1945 1138 2000 loco
1161 1945 1260 2014 refert,
1286 1964 1342 2014 quo
1366 1947 1451 2000 etiam
1477 1947 1511 1999 de
1530 1947 1604 1999 urbe

290 2018 447 2087 Sogdornm
460 2017 644 2072 instauranda
658 2019 756 2071 narrat
770 2017 826 2086 (11,
843 2024 884 2082 11,
899 2019 938 2086 4);
958 2017 1058 2070 horum
1071 2017 1195 2072 militnm
1209 2021 1319 2086 partem
1333 2017 1377 2072 vel
1391 2033 1487 2071 omnes
1501 2020 1605 2086 postea

291 2089 395 2144 Pithon
413 2089 525 2143 ridetur
544 2089 656 2142 duxisse
675 2089 706 2141 in
724 2088 902 2142 Musicarum
920 2088 977 2158 (11,
993 2094 1035 2156 17,
1052 2091 1085 2159 1).

380 2164 442 2230 361)
460 2161 558 2214 urbem
577 2160 658 2214 illam
676 2163 847 2229 putaverunt
865 2176 898 2214 eo
916 2159 979 2214 loco
998 2160 1142 2214 conditam
1160 2160 1256 2227 fuisse,
1275 2161 1325 2213 ubi
1339 2159 1424 2214 hodie
1438 2159 1605 2214 Mithankot

290 2235 383 2286 exstat
401 2233 447 2301 (11.
462 2231 617 2302 Hertaberg
630 2232 656 2284 Π
670 2250 696 2301 p.
713 2234 783 2302 320).
818 2248 881 2285 cnm
899 2233 995 2285 tamen
1012 2231 1113 2286 Indum
1132 2234 1161 2286 et
1174 2233 1323 2286 Acesinem
1337 2232 1404 2286 olim
1418 2248 1505 2301 prope
1519 2231 1605 2285 Uchh

290 2305 389 2357 urbem
408 2320 437 2357 se
457 2304 629 2357 commisisse
648 2304 784 2370 sciamus,
808 2302 1032 2372 Cunninghamio
1051 2306 1126 2358 recte
1145 2303 1312 2357 habebimus
1331 2304 1415 2357 fidem
1433 2307 1471 2372 (p.
1486 2309 1537 2357 242
1548 2307 1605 2372 sq.)

291 2376 341 2444 qni
368 2376 460 2444 ipsam
488 2374 568 2428 illam
596 2374 677 2428 Uchh
705 2376 827 2428 veterem
852 2374 1052 2428 Alexandriam
1079 2375 1166 2428 fuisse
1194 2375 1348 2430 confirmat.
1386 2374 1479 2428 addit:
1509 2375 1548 2428 ‘it
1577 2377 1604 2428 is

290 2446 428 2516 probably
447 2446 504 2499 this
524 2445 582 2514 city
601 2445 694 2499 which
712 2446 736 2499 is
755 2445 918 2500 mentioned
937 2446 975 2514 by
989 2446 1113 2500 Rasehid
1131 2446 1171 2500 ud
1190 2447 1239 2500 din
1258 2446 1356 2500 astho
1376 2446 1483 2516 capital
1500 2445 1532 2499 of
1548 2463 1605 2499 one

291 2519 323 2571 of
338 2518 386 2571 the
405 2517 469 2571 four
486 2517 694 2588 principalities
713 2517 745 2570 of
757 2516 846 2570 Sindh
860 2517 950 2570 under
963 2517 1073 2585 Ayand,
1092 2518 1141 2572 the
1160 2533 1211 2571 son
1225 2517 1256 2572 of
1267 2517 1389 2586 Kalend,
1407 2517 1470 2571 who
1484 2517 1607 2586 reigned

291 2589 365 2644 after
378 2589 544 2670 Alexander.
577 2588 619 2643 He
639 2588 713 2670 calls¹
727 2588 776 2642 the
794 2587 875 2658 place
889 2587 1187 2657 Askaland-usah,
1206 2589 1299 2643 which
1317 2589 1411 2644 would
1429 2590 1465 2644 be
1484 2605 1520 2642 an
1531 2604 1606 2670 easy

291 2659 1160 2802 111111111111111111111
1178 2660 1610 2786 itrltrtlltthtbt

291 2805 340 2857 the
364 2803 588 2869 Chach-namah3
616 2803 710 2857 which
737 2819 794 2856 was
823 2802 959 2872 captured
986 2803 1025 2871 by
1048 2801 1143 2857 Chach
1171 2821 1207 2858 on
1236 2804 1279 2856 his
1303 2804 1465 2873 expedition
1489 2804 1607 2873 against

291 2875 426 2942 Multtn',
446 2891 498 2944 ego
517 2877 624 2944 putem,
642 2874 723 2928 illam
741 2875 828 2928 fuisse
846 2875 952 2939 urbem,
973 2891 1057 2944 quam
1076 2874 1160 2929 hodie
1178 2876 1326 2929 nominant
1343 2875 1606 2928 Sokanderabad

291 2963 379 3016 prope
402 2945 583 3015 Schudjabad
611 2963 668 3000 non
695 2945 793 3015 procul
820 2945 967 2999 aMultAn
995 2947 1024 2998 in
1052 2945 1198 3000 meridiem
1222 2947 1285 3000 sita.
1323 2946 1490 3000 haberemus
1513 2946 1606 3016 igitur

291 3019 390 3072 urbem
403 3017 603 3072 Alexandriam
622 3017 663 3087 (in
676 3017 800 3083 Xathris,
818 3018 868 3070 ubi
886 3033 971 3070 naves
990 3034 1102 3086 quoque
1116 3017 1282 3074 aedificatae
1296 3021 1372 3088 sunt)
1387 3034 1404 3072 a
1418 3017 1605 3086 scriptoribus

292 3090 417 3158 antiquis
440 3107 497 3143 non
519 3089 701 3143 nominatam.
740 3088 790 3142 sed
812 3092 845 3141 ut
868 3088 905 3142 ad
923 3088 1189 3142 Alexandria-Uchh
1211 3090 1372 3143 redeamus:
1401 3090 1520 3143 eandem
1538 3105 1605 3142 eam

293 3177 353 3214 esse
378 3163 464 3229 atque
483 3160 575 3228 illam,
602 3177 675 3230 quae
693 3161 770 3229 apud
789 3159 885 3229 Steph.
900 3160 1016 3229 Byzant.
1031 3160 1204 3214 Alexandria
1223 3161 1253 3215 ἐν
1270 3169 1304 3232 τῇ
1323 3157 1440 3232 Ώττιανῇ
1460 3160 1532 3214 κατὰ
1549 3160 1605 3230 τὴν

288 3229 412 3299 Ἰνδικήν
429 3236 558 3299 vocatur,
581 3234 657 3286 recte
675 3232 787 3285 videtur
811 3231 943 3285 contendi
966 3248 1055 3300 posse.
1094 3232 1129 3285 of.
1144 3232 1248 3286 Lassen
1266 3232 1527 3301 1118111111.
1560 3231 1604 3284 ibi

292 3305 368 3358 enim
378 3301 473 3357 Ώττίαι
494 3303 624 3357 videntur
642 3302 800 3369 habitass03
819 3303 854 3356 de
873 3303 975 3370 quibus
994 3303 1052 3356 iam
1066 3302 1224 3358 Hecataeus
1239 3305 1284 3373 (cf.
1301 3303 1396 3372 Steph.
1411 3303 1489 3373 Byz.)
1502 3303 1603 3357 refert:

292 3376 349 3430 ἀπὸ
377 3376 483 3429 τούτων
510 3375 541 3429 111
570 3371 676 3444 ἐρημίη.
714 3391 748 3428 ac
772 3390 802 3428 re
825 3391 891 3428 vera
914 3375 951 3428 ad
974 3375 1110 3428 orientem
1133 3391 1227 3429 versus
1252 3373 1351 3445 ἐρημία
1375 3378 1424 3429 est.
1463 3375 1603 3444 Cunning.

292 3448 304 3500 1
322 3466 349 3516 p.
366 3452 399 3499 36
419 3446 515 3571 opidi
524 3446 555 3498 in
573 3445 846 3515 Paropanisadarum
864 3446 979 3516 regione
998 3448 1082 3515 putat
1098 3447 1216 3515 reperiri
1234 3463 1325 3515 posse,
1345 3447 1420 3516 quod
1439 3446 1496 3500 iam
1515 3463 1603 3516 supra

292 3535 327 3572 ne
348 3519 393 3572 avi
411 3518 476 3571 ina
518 3522 580 3572 .1c.

328 3537 347 3588 g
382 3593 444 3659 361)
464 3589 575 3643 Curtius
589 3588 636 3655 IX,
651 3594 676 3656 8,
691 3593 706 3641 9
722 3588 865 3642 Teriolten
880 3587 1007 3658 appellat
1020 3588 1294 3658 Paropanisadarum
1308 3592 1463 3658 satrapam3
1482 3589 1604 3642 fortasse

292 3662 471 3715 librariorum
498 3661 631 3714 mendum
660 3662 709 3714 est.
748 3660 829 3714 addit
851 3659 1041 3714 Alexandrum
1068 3661 1183 3715 iussisse
1210 3663 1354 3730 satrapam
1381 3661 1500 3715 interfici
1526 3663 1604 3728 quod

293 3749 376 3786 avare
403 3750 436 3786 1ο
464 3733 583 3802 superbe
606 3731 699 3786 officio
722 3731 836 3785 functus
859 3732 904 3786 sit.
943 3734 1067 3785 ceterum
1089 3734 1179 3786 totam
1202 3732 1349 3786 historiam
1373 3731 1484 3786 Curtius
1506 3732 1604 3799 refert,

293 3807 442 3874 postquam
468 3805 658 3858 Alexandrum
685 3803 754 3856 fines
777 3803 916 3856 Musicani
943 3803 1013 3856 fecit
1039 3804 1204 3874 ingressum.
1256 3805 1349 3858 nescio
1378 3804 1499 3872 denique
1526 3805 1605 3858 unde

293 3877 419 3944 Droysen
438 3875 473 3946 (ll
491 3894 518 3945 p.
536 3878 596 3946 197)
616 3875 768 3944 sumpserit
786 3873 928 3943 Oxyarten
947 3874 1060 3928 demum
1078 3876 1188 3930 venisse
1207 3876 1243 3929 ad
1262 3876 1464 3942 Alexandrum,
1489 3892 1554 3929 cum
1573 3876 1604 3928 in

293 3947 406 4001 Pattala
424 3947 546 4001 insulam
564 3946 795 4017 proficisceretur.

382 4021 444 4088 363)
470 4019 505 4072 de
532 4019 644 4072 nomine
671 4017 826 4088 Sogdorum
854 4016 941 4072 certi
968 4017 1010 4071 nil
1037 4021 1155 4073 constat.
1193 4018 1253 4072 Tod
1276 4018 1414 4088 Rajastan
1431 4019 1445 4071 l
1463 4037 1489 4087 p.
1506 4023 1539 4072 92
1565 4020 1602 4072 ab

293 4090 415 4145 Sodhis
439 4090 588 4156 derivavit,
616 4089 749 4144 habitant
770 4089 857 4143 etiam
879 4105 953 4142 nune
972 4089 1083 4144 Sodhae
1106 4091 1181 4144 cirea
1199 4089 1337 4144 Umarkot
1354 4091 1452 4144 urbem
1470 4091 1500 4142 in
1518 4093 1602 4158 parte

293 4162 471 4218 meridionali
499 4161 622 4232 regionis
650 4178 701 4230 per
728 4177 813 4230 quam
834 4161 920 4214 Indus
947 4160 1064 4214 ultimus
1092 4161 1122 4215 in
1149 4177 1226 4216 mare
1254 4162 1384 4216 decurrit.
1431 4161 1603 4232 (cunningh.

293 4254 319 4304 p.
335 4237 406 4304 254.)
443 4250 477 4287 ac
499 4233 545 4287 M!
560 4233 660 4286 Murdo
684 4231 789 4302 (Journ.
808 4231 840 4286 of
855 4232 924 4301 Roy.
944 4233 990 4286 As.
1012 4232 1071 4288 Soc.
1087 4234 1119 4287 of
1134 4233 1220 4304 Beng.
1235 4233 1249 4286 I
1267 4252 1293 4303 p.
1310 4238 1354 4303 33)
1374 4233 1442 4286 olim
1464 4233 1603 4286 maiorem

292 4307 440 4377 magisque
458 4305 496 4359 ad
514 4305 734 4374 septentrionem
752 4304 896 4373 regionem
914 4306 1090 4374 spectantem
1109 4320 1156 4359 eos
1175 4305 1295 4359 coluisse
1312 4308 1397 4359 retur.
1431 4303 1605 4374 1111111111-

293 4377 428 4448 ningham
445 4376 459 4430 I
476 4395 504 4446 p.
519 4381 572 4430 213
582 4393 622 4445 sq.
656 4375 763 4446 Sogdos
781 4375 894 4428 Arriani
913 4375 969 4445 (VI,
986 4380 1028 4442 11,
1042 4379 1070 4445 4)
1089 4378 1118 4430 11
1135 4376 1252 4430 Diodori
1271 4376 1366 4446 (XVII,
1382 4381 1442 4443 102,
1457 4380 1483 4445 4)
1499 4376 1603 4430 Sodras

294 4449 406 4502 eosdem
431 4447 519 4502 duxit.
557 4447 696 4501 Diodorus
720 4447 795 4500 enim
818 4447 930 4500 addidit
947 4445 999 4501 1.1.
1023 4448 1088 4516 περί
1111 4448 1142 4501 δὲ
1165 4448 1281 4511 τούτους
1303 4448 1369 4511 τοὺς
1391 4445 1496 4510 τόπους
1514 4447 1604 4502 ἔκτισε

293 4520 376 4574 πόλιν
391 4518 652 4588 Ἀλεξάνδρειαν
675 4518 761 4572 κατὰ
783 4519 843 4572 τὸυ
865 4517 1028 4587 ποταμόν.
1066 4518 1153 4573 etiam
1172 4518 1420 4586 (1111111111,8,8
1444 4520 1479 4572 de
1498 4520 1604 4588 oppido

295 4591 407 4645 condito
425 4591 543 4657 rettulit,
562 4593 676 4662 gentem
694 4607 750 4644 non
768 4590 931 4644 nominavit.
964 4590 1099 4644 Arrianus
1113 4590 1159 4659 VI,
1176 4596 1217 4656 11,
1232 4596 1249 4643 4
1268 4591 1297 4643 in
1316 4590 1472 4661 Sogdornm
1489 4593 1605 4660 regione

294 4662 376 4717 rstica
394 4681 424 4716 τε
445 4661 573 4734 ἐτείχιζεν
592 4662 677 4732 ἄλλην
696 4663 744 4716 καί
763 4659 931 4725 νεωσοίκους
950 4659 1038 4716 ἐποίει
1057 4662 1156 4724 ἄλλους
1170 4665 1246 4732 (ergo
1262 4663 1299 4716 ad
1313 4661 1446 4731 fluvium).
1480 4661 1606 4716 Collocat

296 4734 491 4804 Ounningham
510 4754 536 4804 p.
553 4740 605 4788 254
629 4735 659 4788 in
682 4735 797 4788 sinistra
819 4733 883 4802 ripa
901 4733 963 4786 Indi
987 4733 1064 4787 duvii
1087 4735 1172 4803 paulo
1191 4735 1265 4791 intra
1283 4733 1383 4787 Indum
1401 4734 1606 4804 Acesinemque
