3506 5306
848 296 1068 360 „72-

304 496 433 562 pugnae
456 475 649 540 defuturum.
696 476 825 559 iamque
847 474 1053 540 Ptolemaeus
1080 475 1137 540 illa
1160 480 1255 541 nocte
1279 497 1430 540 curruum
1454 477 1488 540 in
1511 476 1616 561 prima

304 574 383 660 fuga
405 577 442 638 ut
465 595 561 657 supra
584 577 748 638 narratum
772 578 821 640 est
847 575 1034 639 relictorum
1058 572 1136 638 illuc
1159 574 1317 658 plurimos
1340 574 1473 640 adduxit
1495 575 1617 659 posuit

305 694 368 756 que
390 676 588 738 transversos
612 671 647 735 in
669 672 722 736 via
744 675 782 737 ut
804 671 913 738 hostes
936 677 1031 737 nocte
1054 671 1216 758 fugientes
1241 673 1482 758 impedirentur.
1521 672 1618 738 subli-

305 791 415 835 carum
439 791 568 854 quoque
591 791 755 835 caesarum
780 773 936 854 quantum
960 771 1104 834 nondum
1127 771 1162 834 in
1184 774 1270 836 terra
1289 771 1460 855 depactum
1478 771 1534 836 hic
1553 771 1620 836 illic

305 869 390 933 inter
421 891 454 932 se
487 868 639 933 conexuit
671 867 755 932 inter
786 869 937 953 paludem
970 873 1002 934 et
1025 890 1150 951 muros,
1181 890 1256 933 cunr
1281 873 1396 952 quarta
1418 870 1484 934 fere
1507 869 1621 954 vigilia

304 966 442 1050 barbari,
465 970 501 1031 ut
515 963 700 1030 Alexandro
716 966 857 1031 delatum
877 971 955 1050 erat,
978 967 1081 1050 portis
1101 988 1184 1050 quae
1206 968 1247 1031 ad
1270 967 1421 1051 paludem
1445 968 1620 1054 vergebant

305 1063 438 1130 reclusis
462 1065 581 1129 cursim
606 1086 676 1128 eam
690 1065 818 1148 petiere.
855 1087 960 1148 neque
974 1069 1083 1129 tamen
1106 1065 1268 1130 custodias
1291 1065 1338 1130 ibi
1356 1065 1480 1150 positas
1497 1067 1621 1131 latuere

304 1185 410 1247 neque
432 1162 665 1246 Ptolemaeum,
697 1184 782 1246 ponc
813 1185 867 1229 eas
890 1165 1094 1228 collocatum.
1140 1162 1197 1228 sed
1220 1163 1392 1230 confestim
1416 1169 1449 1230 et
1471 1165 1620 1230 tibicines

306 1263 435 1347 signum
469 1261 546 1325 dent
579 1265 611 1326 et
643 1261 712 1345 ipse
745 1282 818 1325 cum
852 1261 995 1326 exercitu
1027 1265 1150 1326 armato
1183 1262 1429 1346 compositoque
1453 1262 1488 1326 in
1510 1262 1621 1329 hostes

305 1361 464 1444 impetum
496 1359 575 1424 facit
607 1359 753 1424 curribus
786 1359 959 1443 impeditos
992 1364 1024 1424 et
1052 1359 1138 1424 vallo
1167 1361 1342 1426 novissime
1365 1365 1539 1426 exstructo.
1585 1383 1622 1426 ac

307 1457 420 1522 multis
454 1457 510 1540 qui
542 1456 677 1522 subinde
701 1479 758 1540 per
781 1478 893 1522 currus
916 1458 1129 1541 penetrabant
1158 1458 1336 1524 interfectis
1362 1495 1400 1506 -
1427 1460 1622 1546 quingentos

305 1557 373 1621 fere
404 1555 532 1620 barbari
565 1555 789 1620 desiderabant
811 1593 855 1602 —
877 1555 995 1639 reliqui
1026 1556 1115 1621 facili
1144 1578 1242 1641 opera
1268 1557 1303 1621 in
1325 1555 1439 1621 urbem
1462 1557 1622 1642 compulsi

306 1658 390 1721 sunt.
437 1654 549 1718 eodem
577 1658 723 1737 tempore
752 1653 849 1718 etiam
872 1653 990 1737 Porus,
1012 1652 1189 1719 Alexandri
1216 1655 1354 1739 amicus,
1376 1655 1507 1720 advenit
1530 1653 1623 1720 Indo-

305 1776 378 1818 rum
412 1753 555 1837 quinque
586 1752 654 1816 fere
676 1752 781 1817 millia
803 1773 912 1818 secum
936 1753 1096 1818 adducens
1125 1753 1379 1837 elephantosque
1402 1755 1561 1839 reliquos3
1593 1757 1624 1818 et

307 1855 452 1936 spectare
481 1851 545 1915 iam
574 1849 696 1934 potuit,
724 1850 886 1934 quomodo
910 1850 1101 1917 Macedones
1124 1851 1237 1916 urbem
1260 1851 1414 1916 hostilem
1438 1873 1624 1938 expugnare

307 1952 455 2016 solerent.
502 1971 577 2013 nam
606 1948 773 2014 machinae
801 1950 866 2014 iam
895 1950 1056 2034 perfectae
1084 1972 1177 2014 muro
1202 1947 1523 2037 admovebantur.²³⁰)
1570 1950 1624 2016 sed

307 2050 397 2133 prius
421 2047 520 2113 etiam
544 2069 641 2130 quam
665 2046 765 2112 ullam
789 2049 874 2112 muri
902 2051 1027 2132 partem
1059 2048 1291 2114 destruxissent
1313 2046 1505 2113 Macedones
1529 2047 1625 2114 suffo-

309 2148 433 2211 dientes
457 2169 530 2210 eum
554 2145 730 2211 lateritium
755 2146 920 2230 scalasque
943 2147 1085 2229 undique
1103 2146 1272 2212 afferentes
1292 2147 1325 2210 ri
1345 2147 1458 2211 urbem
1483 2147 1623 2232 capiunt.

308 2246 399 2310 cuius
432 2245 517 2308 inter
549 2245 821 2329 expugnationem
853 2243 1007 2308 Indorum
1040 2245 1258 2328 septendecim
1279 2243 1394 2308 ¹millia
1419 2265 1512 2310 caesa
1541 2247 1625 2327 sunt,

309 2348 403 2427 capta
425 2343 625 2425 reliquorum
649 2345 682 2406 et
705 2343 882 2407 incolarum
906 2347 939 2407 et
957 2344 1138 2407 accolarum
1159 2343 1366 2429 septuaginta
1380 2343 1494 2426 millia,
1513 2364 1623 2408 currus

309 2441 454 2524 trecenti,
473 2441 597 2524 equites
617 2440 796 2526 quingenti.
832 2440 1045 2506 Macedonum
1064 2442 1099 2505 in
1117 2442 1268 2505 universa
1287 2443 1529 2527 oppugnatione
1548 2463 1625 2506 non·

309 2540 385 2603 dum
410 2543 538 2603 centum
563 2537 720 2620 cecidere,
741 2537 901 2603 vulnerati
930 2544 1006 2604 sunt
1028 2561 1095 2603 non
1118 2561 1176 2623 pro
1202 2561 1368 2604 caesorum
1391 2561 1528 2604 numero
1553 2541 1623 2624 plns

309 2639 398 2703 mille
422 2636 565 2721 ducenti3
588 2637 623 2700 in
645 2635 696 2701 his
720 2635 777 2700 alii
801 2635 896 2703 duces
921 2641 954 2702 et
976 2637 1187 2721 Lysimachus
1212 2634 1525 2724 somatophylax.²³¹)

399 2742 517 2809 Statim
549 2747 624 2827 post
648 2740 893 2828 Sangalensium
926 2745 1038 2809 urbem
1067 2748 1285 2830 expugnatam
1308 2746 1505 2828 necatosque
1529 2744 1623 2810 solito

309 2865 399 2907 more
432 2843 577 2926 sepultos
609 2841 794 2906 Perdiccam
827 2842 867 2906 ad
900 2840 1146 2928 Sangalensium
1175 2842 1341 2928 regionem
1369 2843 1562 2907 vastandam
1594 2845 1625 2906 et

309 2937 548 3026 Mumenemffl)
582 2939 720 3004 scribam
743 2963 762 3004 a
784 2940 901 3006 litteris
930 2941 1029 3027 regiis
1052 2941 1093 3005 ad
1116 2941 1194 3005 duas
1226 2941 1322 3006 urbes
1346 2963 1408 3024 eas,
1442 2963 1526 3024 quae
1553 2961 1623 3004 cum

311 3038 560 3124 Sangalensibus
585 3038 775 3121 defecerant,
798 3060 871 3103 cum
891 3039 1053 3122 equitibus
1072 3039 1224 3103 trecentis
1249 3037 1381 3122 dimisit,
1405 3039 1461 3123 qui
1486 3036 1624 3125 Sangala

311 3137 423 3202 urbem
438 3159 457 3200 a
472 3135 701 3200 Macedonibus
725 3141 852 3220 captam
876 3159 945 3202 esse
969 3136 1107 3202 deferret
1130 3137 1299 3222 oppidanis
1319 3159 1424 3220 neque
1449 3138 1624 3221 quidquam

310 3236 456 3301 melicis
484 3235 630 3299 futurum
658 3257 727 3300 esse
754 3235 855 3299 amice
883 3233 1101 3300 Alexandrum
1130 3235 1368 3319 recipientibus.
1415 3257 1522 3319 neque
1545 3233 1624 3299 alios

400 3431 462 3498 230)
482 3428 594 3482 Curtius
613 3429 660 3482 die
679 3428 767 3483 altero
786 3431 851 3498 post
869 3429 989 3498 primam
1007 3429 1155 3483 victoriam
1175 3429 1240 3482 ante
1262 3429 1361 3482 urbem
1379 3430 1555 3497 reportatam
1573 3427 1624 3481 hoc
1740 3431 1741 3434 ’

310 3503 417 3556 factum
435 3501 590 3569 urbemque
613 3501 705 3570 ipsam
729 3502 920 3569 expugnatam
943 3516 1003 3554 esse
1023 3517 1086 3554 cum
1104 3500 1225 3554 tradidit
1244 3499 1393 3568 (IX,1,18)
1417 3501 1493 3553 certe
1513 3499 1621 3554 erravit.

401 3575 463 3642 231)
487 3573 586 3626 Lenius
614 3590 641 3641 p.
662 3577 696 3625 48
725 3571 789 3625 adn.
809 3578 825 3625 2
849 3571 943 3633 ἱππεῖς
965 3573 995 3626 in
1019 3570 1100 3626 ἵπποι
1123 3571 1290 3625 mutandum
1313 3587 1375 3624 esse
1398 3573 1496 3639 putat,
1525 3571 1574 3626 scd
1601 3569 1623 3622 si

311 3645 405 3706 ἱππεῖς
423 3644 537 3698 dicebat
555 3644 690 3698 Arrianm
713 3643 837 3697 militum
863 3660 951 3712 genus
971 3642 1116 3713 appellare
1134 3642 1237 3709 voluit,
1263 3659 1326 3696 cnm
1349 3643 1424 3696 inter
1443 3643 1623 3712 septuaginta

312 3716 404 3842 milhp
426 3715 629 3841 incplarumtet
652 3715 811 3770 accolarum
835 3717 948 3785 praeter
970 3714 1078 3784 proelio
1102 3713 1218 3769 inutiles
1237 3715 1390 3783 praecipue
1408 3713 1520 3782 pedites
1539 3713 1623 3768 fuisse

314 3790 374 3843 inte
398 3804 413 3841 e
435 3804 469 3841 en
490 3805 539 3841 um
558 3788 603 3841 ei.

401 3806 463 3929 232)
487 3859 522 3912 de
546 3858 604 3912 solo
628 3858 752 3912 Eumene
774 3857 861 3912 refert
879 3858 1027 3924 Arrianus,
1053 3857 1164 3911 Curtius
1183 3856 1229 3922 IX,
1247 3862 1307 3923 1,1a
1331 3855 1557 3910 Perdiccam'ad
1579 3871 1623 3909 va·

313 3932 444 3986 standum
466 3931 611 3999 regionem
634 3931 670 3983 ab
689 3929 847 3984 Alexandro
871 3930 988 3983 missum
1012 3945 1088 3996 esse,
1107 3928 1227 3982 Eumeni
1246 3930 1356 3997 partem
1375 3928 1521 3997 copiarum
1539 3926 1624 3982 tradi·

312 4005 372 4057 tam
399 4005 432 4056 ut
459 4002 483 4055 is
512 4017 623 4070 quoqne
651 4001 785 4054 barbaros
814 4001 851 4054 ad
878 4001 1052 4054 deditionem
1079 3999 1267 4069 compelleret.
1309 3999 1408 4053 Lenius
1437 4018 1464 4069 p.
1482 4005 1533 4052 117
1557 3999 1624 4052 haec

312 4074 431 4158 rii-riano
455 4090 513 4156 non
533 4089 692 4143 repugnare
715 4074 811 4141 putat;
840 4074 915 4126 certe
939 4073 963 4126 si
982 4072 1145 4155 Perdiccam
1168 4071 1205 4125 ad
1223 4071 1391 4125 vastandam
1411 4069 1623 4154 dangalensium

314 4143 1034 4282 {tristabartraatlttdrtrtt
1050 4142 1622 4282 fatitfflteiiibiitiliqifll

313 4290 409 4342 rianus
429 4287 511 4341 valde
536 4288 627 4341 brevis
651 4289 701 4340 est.
741 4285 858 4340 dubium
882 4289 985 4353 autem,
1004 4305 1072 4340 num
1091 4285 1187 4340 Curtio
1207 4288 1257 4339 aut
1274 4285 1398 4339 Diodoro
1417 4285 1446 4338 in
1465 4284 1524 4339 illis
1542 4284 1622 4338 fidem

314 4361 468 4414 habeamus
487 4359 632 4428 potiorem.
670 4358 755 4412 nimis
774 4358 849 4411 enim
867 4358 1006 4412 rhetorice
1029 4374 1088 4411 rem
1106 4357 1239 4411 referunt.
1277 4356 1353 4425 quod
1373 4355 1485 4410 Curtius
1504 4356 1550 4422 IX,
1566 4359 1622 4419 132

313 4433 401 4500 utque
421 4432 540 4499 apparet
554 4429 711 4498 Polyaenus
726 4429 772 4494 iv,
788 4435 849 4494 &30
868 4446 902 4482 ex
921 4429 1019 4484 eodem
1037 4429 1116 4483 fonte
1134 4429 1241 4482 habent
1259 4429 1337 4482 urbis
1353 4427 1500 4482 cuiusdam
1514 4426 1621 4482 obsides

315 4521 378 4556 cum
398 4505 463 4555 ante
483 4517 584 4570 agmen
604 4501 682 4555 ducti
700 4502 737 4555 ab
757 4500 873 4555 alterius
891 4502 969 4556 urbis
984 4501 1030 4554 cui
1044 4501 1183 4554 exercitus
1203 4501 1445 4570 appropinquaret
1462 4499 1561 4554 incolis
1579 4498 1621 4550 ut-

314 4576 380 4643 pote
408 4573 501 4642 gentis
529 4573 656 4626 eiusdem
683 4573 712 4626 in
736 4571 907 4641 colloquium
931 4573 1076 4627 convocati
1099 4571 1279 4626 clementiam
1306 4572 1381 4641 regis
1406 4571 1545 4640 simulque
1566 4569 1620 4621 vim

314 4645 534 4714 praedicassent,
558 4644 595 4698 ad
619 4644 791 4698 deditionem
814 4644 878 4699 illos
905 4644 1085 4715 compulisse,
1108 4644 1274 4699 historicum
1296 4661 1353 4698 non
1376 4645 1437 4698 tam
1454 4659 1520 4698 vera
1539 4656 1619 4710 quam

315 4717 387 4771 mira
406 4717 569 4770 studentem
587 4732 701 4770 narrare
719 4717 822 4786 prodit.
1283 4729 1287 4736 ’
1313 4701 1322 4734 ⁸
