3496 5308
674 323 929 414 -19ωΙ

130 533 190 576 sua
226 514 341 595 sponte
379 510 564 576 accederent
599 533 638 575 ex
671 510 799 596 accolis3
836 532 909 575 cum
941 509 1124 575 Alexander
1155 511 1341 595 procederet
1373 533 1436 598 quo

131 609 342 675 barbarorum
370 609 540 694 plerosque
568 607 750 696 confugisse
778 608 955 690 audiverat,
986 608 1075 673 venit
1104 608 1143 673 ad
1170 613 1313 674 montem
1341 631 1438 695 quen·

131 707 218 793 dam,
245 706 335 771 cuius
363 706 402 771 ad
429 706 568 772 radicem
591 710 695 771 castra
717 706 840 794 posuit3
869 706 928 770 ubi
951 706 1155 771 Ptolemaeus
1178 705 1369 791 pabulatum
1391 707 1437 772 in-

130 807 218 869 terea
239 805 372 892 missus,
400 803 531 891 longius
553 808 663 870 tamen
684 826 783 869 manu
806 804 924 890 exigua
946 808 983 869 ut
1007 804 1227 888 specularetur
1248 825 1437 892 progressus

129 902 294 968 nuntiarit
330 904 423 988 ignes
459 925 493 968 se
529 902 647 968 vidisse
682 901 895 968 harbarorum
926 902 1035 987 plures
1068 925 1164 988 quam
1196 903 1231 967 in
1261 901 1438 968 Alexandri

45 1069 48 1076 ,
130 1001 252 1066 castris.
313 1004 410 1086 atque
448 999 572 1086 ignium
610 1000 739 1085 quidem
775 1000 984 1066 multitudine
1020 1018 1077 1066 rex
1114 999 1246 1088 diffidit,
1282 1000 1438 1065 barbaros

130 1102 239 1164 tamen
262 1097 329 1164 illic
353 1098 462 1163 adesse
487 1099 648 1186 cognovit.
686 1121 767 1184 quos
790 1098 951 1164 exercitus
969 1102 1062 1183 parte
1081 1099 1116 1163 in
1134 1099 1247 1163 castris
1264 1097 1376 1164 relicta
1392 1137 1438 1148 ·-

130 1219 206 1262 nam
238 1197 421 1282 adsumpsit
451 1200 592 1283 tantum,
626 1201 706 1282 quot
738 1196 778 1261 ad
809 1197 921 1262 hostes
953 1196 1159 1262 debellandos
1191 1197 1271 1261 satis
1299 1219 1367 1262 esse
1393 1198 1438 1262 vi·

130 1295 343 1360 darentur-
362 1298 508 1379 tempore
527 1294 779 1380 postmeridiano
798 1294 945 1359 celeriter
962 1294 1095 1360 adortus
1115 1292 1214 1382 est.⁵²)
1255 1316 1328 1360 cum
1347 1294 1439 1380 ignes

131 1415 235 1478 prope
265 1392 329 1457 iam
357 1396 563 1458 cernerentur
589 1392 623 1458 in
650 1397 717 1458 tres
744 1396 853 1478 partes
881 1392 991 1478 copias
1020 1389 1190 1482 divisitll);
1223 1415 1359 1477 quarum
1383 1394 1438 1457 uni

130 1491 333 1556 Leonnatum
351 1491 506 1575 praefecit
525 1513 598 1556 cum
621 1490 734 1557 Attalo
753 1491 952 1575 Balacroque
975 1492 1195 1576 coniunctum3
1218 1491 1438 1556 Ptolemaeum

130 1588 212 1674 Lagi
242 1588 264 1652 f.
291 1588 553 1674 hypaspistarum
582 1591 744 1676 regiorum
775 1590 864 1674 parti
894 1589 1020 1674 tertiae,
1051 1588 1199 1673 Philippi
1226 1587 1438 1673 Philotaeque

129 1686 261 1773 agmini,
280 1686 522 1774 sagittariorum
535 1687 669 1752 milibus
683 1683 817 1772 duobus,
833 1686 987 1774 Agrianis
1003 1686 1231 1774 equitibusque
1246 1686 1438 1774 dimidiatis3

129 1783 270 1869 reliquos
293 1786 364 1869 ipse
388 1784 490 1870 duxit,
514 1807 577 1869 qua
600 1786 812 1851 barbarorum
834 1785 980 1870 plerique
1004 1789 1217 1850 cernerentur.
1257 1785 1328 1850 loca
1348 1806 1438 1850 occu-

129 1887 284 1967 paverant
307 1883 437 1947 barbari
460 1884 639 1968 superiora:
662 1883 765 1948 adiuti
788 1883 966 1948 auxiliariis
985 1881 1104 1948 Indicis
1129 1887 1167 1947 ut
1188 1882 1325 1948 videtur.
1366 1903 1439 1947 cum

129 1985 238 2045 tamen
259 1979 436 2046 Alexandri
463 2001 579 2066 agmen
606 2004 741 2066 parvum
769 1981 991 2066 conspicerent
1018 1980 1296 2066 appropinquans,
1327 1981 1438 2045 confisi

129 2079 273 2163 ipsorum
304 2078 512 2144 multitudine
545 2101 585 2144 ex
613 2079 693 2144 locis
721 2079 944 2164 superioribus
975 2079 1207 2144 descenderunt
1234 2079 1270 2143 in
1296 2079 1439 2163 planum.

129 2179 336 2266 quos-atroci
358 2177 482 2262 proelio
505 2177 584 2242 vicit
607 2176 798 2264 Alexander,
826 2199 897 2242 cum
920 2177 1123 2242 Ptolemaeus
1147 2177 1298 2242 hostibus
1320 2177 1438 2242 clivum

129 2275 315 2340 tenentibus
335 2275 505 2361 oppositus
524 2279 672 2361 separata
690 2275 819 2362 agmina
838 2276 1022 2341 admoveret
1040 2275 1098 2339 ubi
1112 2275 1241 2340 facilius
1256 2277 1439 2360 oppugnari

130 2373 185 2437 ille
208 2396 304 2458 posse
326 2373 502 2460 videretur,
529 2396 595 2439 non
618 2377 689 2439 toto
713 2376 819 2438 cincto
843 2374 939 2459 clivo,
969 2373 1024 2438 sed
1046 2373 1118 2438 loco
1142 2373 1216 2438 dato
1240 2373 1387 2438 barbaris
1410 2373 1438 2438 si

129 2471 241 2558 fugere
264 2471 397 2557 vellent,
430 2472 485 2556 qui
514 2475 647 2557 propter
669 2471 733 2536 loci
755 2471 962 2557 iniquitatem
984 2475 1017 2535 et
1040 2469 1192 2536 Indorum
1214 2471 1438 2535 fortitudinem

129 2569 336 2654 praecipuam
358 2571 414 2634 vix
437 2570 547 2634 hostes
571 2570 635 2635 sibi
658 2574 859 2636 occurrentes
882 2569 1017 2656 fugavit.
1054 2591 1091 2634 ac
1109 2592 1149 2634 ne
1167 2569 1352 2634 Leonnatus
1371 2569 1439 2653 qui-

131 2667 202 2732 dem
226 2672 406 2732 ceterorum
429 2667 592 2732 imminuit
614 2667 784 2744 victoriam
807 2668 863 2734 sed
885 2667 985 2733 auxit.
1031 2667 1227 2755 fugientium
1249 2667 1314 2732 iam
1336 2666 1438 2731 multa

129 2764 231 2829 millia
254 2787 346 2830 caesa
369 2769 458 2851 sunt,
485 2765 561 2850 plus
585 2766 800 2854 quadraginta
822 2765 925 2831 millia
948 2769 1057 2852 capta,
1085 2765 1316 2850 comprehensa
1340 2765 1438 2830 etiam

130 2863 230 2927 boum
258 2863 344 2928 ultra
367 2861 511 2929 CCXXX
537 2863 698 2949 milliaffi),
722 2887 860 2949 quorum
882 2863 1177 2949 praestantissimos
1199 2863 1439 2948 pulchritudine

131 2964 163 3024 et
193 2959 414 3048 magnitudine
441 2960 625 3028 Alexander
653 2963 804 3028 colendae
831 2967 934 3027 terrae
969 2984 1064 3027 causa
1086 2961 1121 3026 in
1143 2961 1363 3027 Macedoniam
1385 2983 1439 3026 vo-

130 3057 227 3124 luisse
250 3058 378 3124 mittere
401 3059 606 3126 Ptolemaeus
629 3061 699 3146 ipse
722 3061 816 3126 testis
839 3065 897 3126 est.

218 3155 295 3222 Inde
318 3157 352 3222 in
370 3156 548 3224 Assacanos
567 3157 751 3224 Alexander
773 3159 807 3224 in
830 3159 937 3224 animo
960 3159 1077 3224 habuit
1100 3159 1226 3244 ducere,
1249 3180 1330 3243 quos
1353 3158 1438 3223 intra

130 3254 240 3322 Suwat
267 3259 300 3320 et
322 3254 438 3321 Indum
465 3256 560 3321 hodie
589 3260 721 3323 vocatos
745 3279 855 3323 amnes
878 3237 1065 3323 habitarltes
1088 3257 1213 3344 equites
1240 3256 1302 3322 duo
1326 3256 1437 3344 millia,

126 3519 129 3526 .
220 3469 263 3538 51)
283 3469 386 3523 Lessen
400 3469 426 3522 ΙΙ
442 3474 491 3523 139
512 3468 636 3538 scripsit:
658 3468 753 3540 ’21111
773 3470 961 3542 1111111111
979 3469 1130 3541 1111111111
1149 3469 1254 3541 depuli
1273 3469 1378 3526 murtea
1397 3468 1438 3525 tie

92 3555 93 3558 ¹
132 3540 440 3608 1111111111εηὶ
483 3539 592 3594 cautius
611 3540 708 3610 Droys.
729 3541 767 3609 II,
788 3546 839 3595 108
864 3543 922 3598 ‘am
945 3542 1035 3599 11111
1059 3543 1155 3613 luparie
1178 3557 1206 3598 er
1229 3539 1369 3610 1111111
1392 3541 1436 3597 bct

131 3609 234 3681 llespc’.
272 3612 306 3666 cf.
325 3611 481 3682 Hertzberg
498 3611 524 3665 Π
541 3630 568 3681 p.
589 3617 640 3665 216
660 3611 731 3666 nihil
751 3613 786 3666 de
804 3615 930 3683 tempore
944 3629 1056 3685 pugnae
1070 3612 1195 3667 referunt
1209 3614 1344 3666 auctores.
1373 3610 1436 3681 ipsa

88 3755 90 3760 Α
130 3698 225 3751 pugna
243 3682 325 3736 docet
343 3685 373 3737 et
391 3682 450 3737 eius
474 3683 626 3752 descriptio
644 3683 686 3766 'ab
709 3683 828 3739 Arriano
851 3685 933 3768 data,
958 3688 1115 3767 nonlnocte
1133 3685 1228 3738 hostes
1252 3683 1435 3765 hlacedonem

130 3755 1436 3897 111111111111111111,1111111111115111311111

130 3895 251 3950 hiemem
268 3894 355 3949 fuisse
374 3895 408 3952 cl.
428 3897 556 3952 strabon.
576 3896 635 3968 XV,
655 3903 715 3952 691.

220 3969 265 4037 12)
284 3965 386 4034 quibus
404 3967 434 4022 in
452 3968 521 4023 locis
540 3968 669 4040 singulae
687 3972 782 4039 partes
802 3969 956 4024 collocatae
975 3967 1080 4023 fuerint
1098 3967 1244 4023 nescimus.
1283 3967 1318 4022 cf.
1337 3968 1435 4023 Hertz-

130 4039 200 4108 berg
217 4039 251 4108 H,
271 4043 322 4091 217
345 4038 519 4094 ‘Mirandum
542 4043 586 4095 est
603 4039 634 4094 in
652 4040 789 4096 Leonnati
813 4041 925 4112 agmine
947 4039 1046 4095 leviter
1068 4041 1191 4094 armatos
1214 4039 1298 4110 plane
1322 4040 1435 4094 deesse’

129 4110 191 4164 ch.
211 4115 283 4180 1123
303 4108 394 4164 111112
413 4127 476 4165 cum
494 4112 642 4180 scriberet,
660 4111 846 4183 praetervidit
863 4113 1007 4168 Leonnato
1024 4115 1164 4182 praeter
1182 4126 1229 4166 eos
1247 4110 1352 4166 milites
1367 4127 1436 4180 quos

130 4182 189 4251 ipse
208 4181 301 4250 duxit,
321 4180 484 4236 subiunctas
503 4183 590 4238 fixisse
604 4183 696 4238 Attali
714 4187 743 4238 et
756 4183 867 4238 Balacri
880 4183 1014 4254 legiones.
1041 4183 1201 4238 Leonnatus
1216 4185 1311 4236 autem
1324 4184 1437 4252 poterat

130 4252 228 4308 leviter
246 4251 362 4307 armatis
384 4251 445 4323 ipsa
467 4256 626 4325 praefectus
650 4271 717 4310 esse.
754 4255 805 4324 VI,
830 4260 890 4325 18,3
915 4273 978 4310 cum
1000 4254 1106 4309 maiore
1128 4253 1245 4325 imperio
1272 4269 1437 4307 commemo-

129 4327 215 4394 ratur,
235 4323 343 4392 equites
363 4326 392 4379 et
409 4324 519 4396 pedites
534 4326 656 4398 graviter
673 4326 828 4408 leviterque
847 4330 969 4382 armatos
988 4326 1100 4395 ducens,
1119 4325 1195 4380 idem
1213 4325 1259 4392 VI,
1275 4330 1335 4394 20,3
1354 4324 1437 4378 Horis

131 4395 299 4466 relinquitur
317 4413 381 4451 cum
399 4395 531 4466 Agrianis
550 4398 679 4452 omnibus
698 4401 728 4452 ct
745 4397 809 4452 alirs
827 4397 972 4468 peditibus
991 4400 1021 4452 ct
1039 4397 1190 4466 equitibus.
1231 4396 1288 4450 iam
1315 4411 1349 4450 ex
1374 4395 1436 4450 loco

131 4471 226 4522 nestro
254 4467 376 4522 efficitur
402 4470 432 4522 et
458 4467 637 4538 hypaspistas
660 4469 746 4523 fuisse
768 4468 861 4540 regios
885 4472 915 4524 et
936 4467 1078 4538 simplices
1101 4467 1289 4538 hypaspistas.
1330 4466 1437 4536 priores

131 4538 331 4610 interpretatus
355 4539 408 4593 sim
432 4539 661 4610 hypaspistarum
680 4539 804 4594 omnium
818 4539 939 4610 optimos
953 4539 1184 4609 fortissimosque,
1199 4556 1269 4608 quos
1279 4538 1438 4592 Alexander

132 4609 190 4678 ipsc
209 4611 343 4666 exercitui
361 4611 471 4681 reliquo
496 4627 677 4681 praecurrens
700 4627 795 4665 secum
817 4611 921 4666 habere
944 4615 1100 4666 consuerat.
1144 4611 1195 4665 hos
1219 4609 1312 4681 regios
1335 4609 1437 4679 hypas-

132 4679 219 4750 pistas
236 4682 324 4737 fuisse
343 4682 477 4753 arbitror,
497 4681 608 4738 etiamsi
626 4699 684 4736 non
701 4682 807 4752 ubique
825 4699 858 4738 1ο
876 4683 989 4739 nomine
1007 4685 1151 4738 notantur.

134 4787 137 4794 ,
222 4757 340 4825 13)(111
359 4754 394 4808 de
413 4771 442 4809 re
461 4755 588 4810 conferas
607 4769 711 4823 quaeso
729 4769 802 4824 quae
820 4754 961 4810 Schuffert
979 4754 1078 4810 attulit
1094 4772 1121 4824 p.
1142 4759 1184 4808 13.

1190 4843 1222 4898 ᾖ*
