3496 5308
855 296 1078 361 ..48-

312 475 397 537 enim
421 475 506 538 facta
529 478 578 539 est
596 477 705 558 paullo
730 479 804 559 post
826 473 903 540 Idus
926 475 1027 541 Maias
1045 515 1082 523 -
1104 499 1205 561 aquas
1227 483 1369 562 auxerat,
1393 483 1429 544 ut
1452 481 1646 564 nequirent

312 573 435 654 equites
451 574 588 656 reperire
602 574 719 638 vadum
734 574 949 656 timerentquc
963 597 1004 638 ne
1022 597 1123 659 acque
1138 576 1279 640 difficilis
1293 576 1347 642 hic
1361 579 1518 642 transitus
1533 579 1643 643 fieret
1734 657 1735 666 ρ

311 692 349 734 aa
367 672 456 754 prior
473 671 594 735 firisset.
628 671 710 735 vado
729 672 859 736 tandem
878 677 1005 756 reperto
1024 675 1079 737 vix
1098 674 1249 760 progredi
1268 679 1418 758 poterant
1432 675 1640 741 Macedones

311 790 384 832 cum
399 791 500 852 aquae
515 771 690 834 altissimae
705 770 850 854 peditum
865 772 1002 854 papillas
1019 772 1085 835 fere
1099 773 1336 856 mammillares,
1351 795 1507 856 equorum
1522 797 1640 858 paene

311 868 418 950 capita
445 873 627 950 aequarent.
674 867 725 932 his
749 889 877 952 quoque
901 871 978 933 satis
1002 869 1176 934 difficulter
1198 873 1356 954 superatis
1380 893 1437 936 rex
1459 871 1638 956 Hydaspis

309 965 400 1030 fluvii
432 967 537 1050 ripam
569 967 755 1030 ulteriorem
783 968 837 1031 rix
869 969 1055 1032 conscendit
1087 989 1160 1032 cum
1188 970 1289 1033 aciem
1319 970 1479 1034 instruxit.
1526 975 1636 1053 atque

310 1065 456 1146 equitum
480 1086 593 1148 agema
618 1065 830 1148 ordinumque
848 1067 1046 1149 equestrium
1064 1066 1257 1130 fortissimos
1276 1069 1395 1133 electos
1414 1068 1455 1132 ad
1474 1069 1634 1133 dextrum

309 1162 401 1225 duxit
433 1184 546 1244 cornu,
574 1163 805 1246 hippotoxotas
835 1165 985 1230 universo
1018 1165 1176 1248 equitatui
1204 1187 1413 1249 praeponens.
1459 1167 1633 1249 equitibus

309 1261 373 1324 iam
397 1261 544 1324 adiunxit
567 1262 699 1344 pedites,
726 1284 764 1326 ac
791 1263 913 1346 primos
941 1264 1070 1346 quidem
1100 1261 1306 1347 hypaspistas
1329 1266 1445 1350 regios,
1469 1261 1632 1330 Seleucus

309 1380 391 1440 quos
415 1358 561 1441 ducebat,
585 1360 698 1423 deinde
726 1382 839 1444 agema
867 1362 1006 1445 regium,
1028 1364 1098 1424 tum
1122 1362 1264 1444 reliquos
1287 1363 1549 1447 hypaspistarum
1575 1386 1632 1428 or-

310 1457 401 1520 dines
438 1461 535 1540 prout
570 1459 627 1522 illo
666 1459 716 1522 die
754 1460 838 1522 inter
874 1481 907 1522 se
945 1461 1154 1541 sequerentur
1190 1461 1307 1544 posuit.
1360 1461 1632 1545 hypaspistarum

309 1557 400 1619 iuxta
428 1577 529 1620 cornu
557 1579 575 1620 a
603 1561 694 1640 parte
723 1559 823 1621 altera
852 1558 1036 1641 sagittarios
1059 1555 1297 1643 Agrianosque,
1325 1560 1365 1624 ab
1394 1561 1494 1624 altera
1524 1561 1633 1624 collo-

309 1655 394 1717 carit
422 1655 603 1719 acontistas.
651 1659 741 1719 erant
769 1659 875 1720 autem
905 1656 1049 1737 equitum
1079 1657 1220 1739 quinque
1248 1657 1315 1721 fere
1338 1658 1453 1740 millia,
1476 1658 1633 1741 peditum

309 1756 341 1816 et
373 1751 634 1837 hypaspistarum
672 1758 704 1818 et
740 1754 820 1817 levis
857 1757 1036 1817 armaturae
1073 1754 1189 1839 viginti
1222 1777 1285 1818 sex.
1295 1751 1345 1840 141)
1402 1756 1465 1819 iam
1497 1756 1633 1839 pedites

289 2001 785 2127 ²Aba.t‡‡>d.tttl¹ttttt
798 1999 1159 2141 distractast
1172 2000 1302 2140 stit
1318 2003 1632 2142 §irritabat

307 2144 423 2197 Rustow
441 2143 459 2197 l.
475 2143 492 2196 l.
508 2163 534 2212 p.
551 2149 611 2212 299,
631 2144 786 2214 Hertzberg
803 2144 829 2196 ΙΙ
851 2162 878 2212 p.
895 2148 944 2196 251
966 2144 1029 2197 adn.
1047 2145 1081 2212 1.)
1118 2143 1358 2212 Hephaestionem
1376 2143 1466 2197 videri
1490 2143 1633 2198 relictum

308 2232 368 2269 esse
388 2232 451 2268 cum
469 2233 525 2268 non
543 2216 735 2270 nominaretur
753 2217 827 2269 inter
846 2232 892 2269 eos
912 2215 961 2283 qui
979 2231 1036 2268 una
1056 2232 1119 2268 cum
1139 2213 1298 2268 Alexandro
1319 2215 1382 2284 ipso
1401 2231 1512 2268 amnem
1530 2217 1632 2270 trans-

307 2287 450 2340 misissent
465 2287 534 2356 (Arr.
545 2286 578 2354 V,
590 2290 667 2356 13,1).
702 2304 769 2340 sane
784 2287 859 2356 apud
874 2285 1001 2340 Curtium
1016 2286 1097 2341 adest
1110 2286 1303 2354 Hephaestion
1318 2285 1399 2355 (vm,
1412 2289 1500 2356 14,1t)
1514 2286 1544 2339 in
1558 2287 1632 2356 ripa

308 2359 438 2412 alteriorc
458 2361 523 2412 ante
542 2375 667 2428 pugnam
686 2375 749 2412 oum
763 2358 834 2412 Poro
853 2357 967 2411 factam.
997 2359 1046 2412 sed
1065 2359 1112 2411 hic
1126 2356 1215 2412 Curtii
1234 2357 1350 2412 nuntius
1369 2374 1425 2410 non
1444 2358 1499 2412 fide
1518 2359 1631 2428 dignus

307 2431 418 2484 videtur
437 2447 497 2484 esse
515 2430 679 2498 Droysenio.
717 2430 861 2484 videamus
882 2431 977 2484 autem
1000 2447 1068 2483 num
1090 2431 1166 2483 recte
1185 2428 1289 2483 Clitum
1309 2428 1488 2498 Coenumque
1510 2446 1630 2484 reman-

308 2501 377 2555 sisse
406 2502 516 2556 dixerit.
559 2505 644 2571 etque
668 2501 803 2554 Arrianus
831 2501 946 2571 quidem
973 2502 1043 2554 haec
1071 2500 1202 2554 tradidit:
1231 2501 1265 2568 V,
1282 2507 1341 2567 124
1365 2502 1414 2554 καλ
1437 2501 1455 2569 ἡ
1478 2501 1528 2570 μὲν
1553 2501 1630 2572 ἄλλη

308 2572 423 2640 στρατιὰ
451 2575 525 2644 αὐτῷ
546 2617 551 2627 .
569 2616 596 2628 ..
617 2571 698 2634 ὅσους
724 2582 780 2626 τῶν
808 2577 897 2638 πεζῶν
925 2571 958 2626 τὰ
986 2575 1071 2626 πλοῖα
1099 2571 1207 2642 ἐδέχετο
1236 2569 1322 2640 ἐπέρα
1348 2571 1420 2626 κατὰ
1449 2571 1500 2641 τὴν
1524 2581 1628 2642 νῆσον.

307 2644 340 2710 V,
357 2650 415 2711 13‚1
440 2643 523 2706 αὐτὸς
550 2643 581 2699 δὲ
599 2643 801 2712 τριακοντόρου
821 2642 906 2710 ἐπέρα
925 2645 973 2698 καὶ
992 2643 1051 2713 ἅμα
1070 2644 1145 2714 αὐτῷ
1165 2687 1170 2696 .
1187 2687 1192 2696 .
1210 2687 1214 2696 .
1235 2653 1291 2699 τῶν
1310 2644 1490 2698 ὑπασπιστῶν
1510 2642 1537 2697 οἱ
1556 2643 1628 2713 ἡμί-

308 2732 378 2776 σεες·
398 2716 463 2779 τοὺς
482 2713 512 2770 δὲ
532 2715 632 2778 ἄλλους
654 2714 829 2777 ὑπασπιστὰς
848 2715 928 2770 ἄλλαι
950 2713 1146 2784 τριακόντοροι
1170 2715 1279 2783 ἔφερον.
1317 2731 1457 2784 nusquam
1481 2732 1548 2770 sane
1568 2717 1629 2771 hoc

308 2787 370 2840 loco
390 2790 486 2856 aperte
505 2787 540 2840 de
560 2785 626 2841 Cliti
646 2785 786 2856 Coeniquc
810 2787 969 2856 legionibus
994 2804 1083 2841 sermo
1103 2789 1153 2840 est.
1192 2787 1295 2840 sedne
1319 2787 1354 2840 de
1379 2786 1535 2856 sagittariis
1559 2789 1627 2856 qui-

309 2859 381 2925 dem,
405 2859 440 2913 de
458 2859 603 2929 Agrianis,
628 2858 663 2912 de
687 2858 898 2913 iaculatoribus.
936 2859 966 2911 in
983 2859 1123 2927 prioribus
1143 2857 1251 2911 dictum
1270 2860 1327 2912 est:
1357 2854 1440 2920 ὅσους
1456 2867 1512 2912 τῶν
1531 2864 1627 2923 πεζῶν

308 2929 343 2983 τὰ
362 2933 446 2985 πλοῖα
465 2929 574 3000 ἐδέχετο
595 2927 687 2998 ἐπέρα.
726 2947 818 2983 nonne
837 2931 911 2984 inter
933 2929 997 2984 illos
1021 2930 1131 2999 pedites
1155 2930 1242 2984 etiam
1262 2928 1330 2983 Cliti
1349 2928 1491 2997 Coenique
1513 2929 1625 2984 milites

309 3018 368 3055 esse
387 3004 535 3070 poterant?
571 3018 663 3071 neque
682 3005 777 3056 tamen
796 3001 868 3054 illud
887 3019 1003 3056 sumam.
1042 3002 1091 3054 sed
1113 3001 1215 3055 mirum
1240 3003 1283 3054 est
1305 3003 1416 3070 partem
1439 3002 1625 3070 hypaspista-
1673 3021 1676 3028 ·

307 3091 370 3126 rum
389 3074 536 3127 dimidiam
554 3074 584 3126 in
602 3090 659 3127 una
677 3073 865 3143 trigintaremi
879 3076 989 3127 vectam
1008 3089 1077 3140 esse,
1097 3089 1160 3126 cum
1174 3072 1276 3141 reliqui
1291 3072 1475 3141 hypaspistae
1490 3072 1625 3141 pluribus

307 3145 352 3198 usi
371 3161 431 3199 esse
450 3145 597 3198 dicantur?
634 3145 765 3213 equidem
788 3162 838 3213 pro
862 3148 937 3199 certo
961 3144 1065 3211 habeo,
1089 3145 1113 3197 si
1136 3161 1192 3197 non
1212 3145 1247 3197 ab
1267 3143 1470 3212 interpolatore
1489 3144 1624 3198 additum

307 3218 389 3285 putes
409 3215 584 3278 ὑπασπιστὰς
602 3216 741 3285 posterius
760 3219 826 3286 post
844 3215 943 3279 α”λλους
962 3219 1012 3270 aut
1031 3216 1134 3270 addere
1152 3217 1241 3269 mavis
1258 3216 1323 3276 τοὺς
1337 3216 1369 3269 δὲ
1384 3215 1482 3277 ἄλλους
1496 3216 1623 3270 ὑπασπι-

308 3287 373 3349 στὰς
392 3287 545 3353 (καὶτοὺς
564 3285 750 3360 taeniotica>
770 3287 850 3341 ἄλλαι
873 3307 911 3354 ro.
929 3287 986 3354 to„
1005 3304 1061 3340 non
1085 3289 1215 3341 accurate
1238 3287 1292 3340 hoc
1317 3286 1378 3340 loco
1397 3303 1457 3340 rem
1475 3290 1623 3342 narratam

307 3375 367 3412 esse
386 3359 422 3412 ab
436 3359 564 3426 Arriano,
583 3359 632 3428 qui
651 3377 700 3428 pro
720 3359 894 3428 hypaspistis
914 3358 1070 3427 ceterisque
1086 3358 1230 3427 peditibus
1249 3358 1430 3428 hypaspistas
1450 3357 1524 3412 solos
1544 3360 1623 3412 attu-

307 3431 380 3484 lerit.
418 3447 452 3484 ac
475 3431 499 3484 si
523 3431 693 3484 arbitramur
715 3433 827 3500 praeter
849 3431 1031 3500 hypaspistas
1056 3429 1123 3483 Cliti
1147 3429 1289 3498 Coenique
1315 3429 1442 3499 legiones
1469 3446 1534 3482 usas
1559 3447 1624 3485 esse

306 3502 558 3572 trigintarcmibus,
578 3503 635 3556 iam
649 3520 723 3556 nunc
737 3519 839 3556 omnen
855 3519 913 3556 rem
927 3505 1054 3556 tenemus
1069 3500 1275 3571 intellegentes.
1312 3517 1403 3569 neque
1418 3501 1533 3554 obstant
1547 3519 1624 3570 quae

308 3576 471 3642 sequuntur.
509 3591 575 3628 nam
593 3573 657 3642 lege
675 3574 708 3642 V,
725 3580 785 3642 13,4
807 3583 863 3628 τῶν
887 3573 918 3628 dt
942 3576 1032 3637 πεζῶν
1057 3573 1184 3640 πρώτους
1209 3571 1259 3640 μὲν
1277 3572 1344 3635 τοὺς
1362 3571 1537 3634 ὑπασπιστὰς
1554 3574 1624 3637 τοὺς

309 3646 471 3716 βασιλικοὺς
490 3641 529 3700 ὧν
547 3645 639 3715 ἡγεῖτο
659 3643 796 3708 Σέλευκος
815 3643 929 3710 ἐπέταξε
947 3652 980 3714 τῇ
1001 3642 1088 3716 ἵππῳ·
1114 3643 1160 3698 ἐπὶ
1179 3642 1210 3698 δὲ
1228 3643 1337 3705 τούτοις
1355 3643 1386 3698 τό
1407 3643 1500 3714 ἄγημα
1518 3642 1549 3696 τὸ
1569 3646 1623 3714 βα-

311 3716 428 3772 σιλικὸν
458 3714 607 3787 ἐχομένους
630 3717 661 3771 dt
684 3717 789 3770 τούτων
813 3717 878 3778 τοὺς
901 3715 1000 3777 ἄλλους
1018 3713 1194 3777 ὑπασπιστὰς
1214 3758 1218 3768 .
1236 3757 1241 3767 .
1259 3757 1263 3767 .
1284 3713 1356 3768 κατὰ
1375 3712 1407 3768 δὲ
1426 3715 1460 3768 τὰ
1479 3714 1552 3781 ἄκρα
1570 3724 1622 3784 τῆς

308 3787 453 3858 φάλαγγος
477 3788 502 3842 οἱ
526 3787 639 3854 τοξόται
662 3790 737 3858 αὐτῷ
760 3788 809 3841 καλ
833 3787 859 3841 οἱ
875 3783 1015 3857 Ἀγριᾶνες
1037 3786 1086 3840 καλ
1112 3785 1144 3840 οἱ
1162 3786 1343 3840 ἀκοντισαλ
1363 3783 1537 3854 ἑκατέρωθεν
1556 3784 1620 3840 ἐπέ-

308 3875 418 3927 στησαν.
456 3860 549 3929 regios
572 3860 754 3929 hypaspistas
776 3861 853 3913 recte
878 3860 1048 3927 putaverunt
1067 3873 1127 3911 esse
1151 3857 1263 3912 eosdem
1286 3857 1336 3925 qui
1358 3859 1458 3919 παῖδες
1481 3859 1621 3928 βασιλικοὶ

307 3930 352 3982 vel
371 3931 603 4000 σωματοφύλακες
621 3932 803 3985 nominantur
826 3929 890 3984 aliis
909 3930 939 3982 in
958 3928 1035 3982 locis.
1073 3929 1130 3982 iam
1149 3929 1276 3998 sequitur
1293 3928 1369 3999 legio
1388 3928 1619 3998 hypaspistarum

310 4002 398 4072 regia,
418 4003 519 4056 deinde
538 4003 604 4064 τοὺς
622 4002 721 4063 ἄλλους
739 4000 915 4062 ὑπασπιστὰς
933 4001 1090 4066 collocavit,
1110 4001 1158 4067 qui
1172 4001 1225 4054 hoo
1240 4000 1355 4069 quidem
1369 4000 1431 4054 loco
1445 4001 1501 4053 nisi
1514 3999 1618 4069 reliqui

308 4073 492 4143 hypaspistae
511 4091 567 4128 non
586 4077 660 4141 suut,
680 4091 743 4127 cum
761 4091 836 4127 nunc
855 4089 955 4126 caussa
973 4071 1052 4124 nulla
1066 4072 1112 4138 sit,
1132 4088 1188 4140 qua
1203 4072 1335 4126 commoti
1350 4073 1437 4125 etiam
1450 4072 1497 4125 hic
1512 4087 1618 4127 errasse

307 4147 438 4213 putemus
452 4147 611 4212 Arrianum,
626 4145 675 4212 qui
690 4146 734 4198 his
749 4145 841 4198 verbis
856 4143 923 4198 Cliti
939 4142 1080 4212 Coanique
1094 4143 1199 4196 milites
1215 4143 1416 4213 significaverit
1430 4144 1516 4212 (quod
1529 4143 1618 4197 voluit

308 4215 470 4272 Schmieder
493 4218 523 4270 in
542 4217 725 4270 adnotatione
745 4216 875 4269 adhunc
897 4215 1008 4283 locum).
1048 4217 1202 4282 sequuntur
1220 4232 1302 4284 porro
1321 4215 1472 4285 sagittarii,
1491 4215 1616 4283 Agriani,

309 4288 430 4356 denique
450 4287 477 4342 ολ
496 4285 658 4342 ἀκοντισταί
677 4288 726 4342 sed
745 4288 819 4342 unde
838 4287 931 4340 subito
951 4286 1116 4352 acontistae,
1136 4304 1205 4354 quos
1224 4289 1308 4340 antea
1326 4287 1461 4340 Arrianus
1480 4303 1616 4354 nusquam

308 4360 473 4427 prodiderat
495 4359 687 4413 Alexandrum
715 4375 809 4412 secum
833 4358 1001 4412 adduxisse?
1037 4356 1156 4410 fortasse
1179 4358 1266 4412 males
1292 4359 1334 4412 ita
1357 4359 1490 4412 scribere:
1519 4358 1567 4410 καλ
1590 4359 1616 4413 οἱ

303 4430 445 4499 Ἀγριᾶνες
470 4429 497 4484 οἱ
516 4427 691 4496 ἀκοντισταί,
715 4429 807 4484 deleto
831 4430 889 4484 καλ
908 4431 937 4484 et
955 4428 1080 4483 conferes
1099 4429 1212 4483 Arriani
1231 4430 1251 4497 I,
1268 4435 1326 4496 14‚1
1355 4429 1404 4482 καὶ
1421 4430 1487 4490 τους
1504 4429 1616 4493 τοξότας

311 4503 359 4556 καὶ
382 4503 448 4562 τοὺς
462 4499 611 4570 Ἀγριᾶνας
632 4503 698 4563 τοὺς
723 4500 895 4563 ἀκοντιστάς.
934 4517 1064 4554 concesso
1083 4503 1159 4555 recte
1178 4501 1219 4554 ibi
1238 4501 1296 4570 legi
1312 4498 1382 4568 Ἁκρ.
1397 4519 1419 4554 τ.
1435 4501 1479 4554 ἀκ,
1500 4532 1533 4539 -
1551 4517 1615 4554 nam

308 4576 404 4642 potest
422 4589 489 4627 sane
508 4572 566 4642 legi
581 4605 614 4612 -
629 4573 683 4627 tibi
703 4591 843 4642 opponam
857 4573 974 4636 Arrlll,
992 4578 1050 4639 12,3
1069 4580 1125 4626 τῶν
1143 4592 1172 4627 τε
1186 4570 1214 4626 Ἀ
1234 4571 1340 4639 ριολυων
1359 4572 1407 4625 καλ
1425 4580 1480 4626 τῶν
1498 4571 1615 4635 τοξοτῶν

308 4645 335 4698 οἱ
353 4642 462 4712 ἡμίσεες
480 4645 527 4697 καλ
549 4643 575 4698 οἱ
595 4644 742 4710 Βαλάκρου
770 4641 944 4711 ἀκοντισταί,
971 4644 1098 4711 HI‚13,5
1123 4642 1155 4697 οἴ
1172 4663 1201 4698 τε
1220 4648 1359 4712 Αγριῶνες
1377 4643 1426 4696 καλ
1445 4642 1472 4696 οἱ
1491 4643 1542 4696 σὺν
1562 4648 1615 4696 Βα-

310 4715 403 4789 λάκρῳ
423 4713 593 4784 ἀκοντισταί,
621 4716 655 4770 cf.
674 4716 721 4786 IV,
736 4722 779 4786 4,6
798 4717 864 4780 rods
881 4737 910 4772 τε
928 4715 1043 4780 τοξότας
1061 4715 1109 4769 καλ
1127 4715 1192 4777 τοὺς
1206 4713 1351 4784 Ἀγριᾶνας
1369 4714 1500 4776 καὶτοὺς
1518 4713 1615 4779 ἄλλους
