3506 5306
879 342 1099 406 ..73-

336 542 398 604 que
429 542 538 606 regem
562 516 837 606 Xandramem²⁶¹)
877 541 950 584 cnm
983 521 1128 603 equitnm
1162 515 1279 605 viginti
1311 519 1469 604 millibus,
1500 520 1644 604 peditum
1734 495 1736 556 l

335 619 491 701 ducentis,
510 639 661 682 curruum
677 617 812 701 duobus,
831 617 1075 702 elephantorum
1094 619 1232 702 denique
1255 617 1370 683 bellice
1389 623 1577 683 ornatorum
1600 619 1645 682 in-

336 717 587 800 stitutorumque
610 715 723 780 tribus.
770 717 822 780 cui
849 717 928 780 talia
955 717 1098 781 narranti
1121 717 1174 780 vix
1198 716 1294 781 fidem
1318 715 1433 781 habuit
1454 715 1646 798 Alexander,

334 814 389 878 sed
414 815 522 878 omnia
536 814 639 878 Porus
663 836 702 878 ex
726 813 835 878 liberis
858 813 946 878 Indis
970 815 1035 878 iam
1058 837 1204 879 reversus
1219 814 1431 898 confirmavit,
1454 819 1486 880 et
1508 837 1645 902 regnum

334 935 505 996 usurpasse
529 913 722 977 Xandramis
746 908 941 998 patremm),
964 917 1128 978 tonsorem
1153 912 1241 996 olim,
1264 913 1319 977 sed
1343 914 1384 978 ob
1408 913 1546 978 formam
1567 914 1645 977 satis

333 1011 503 1095 pulchram
527 1034 546 1074 a
568 1012 680 1096 regina
712 1011 819 1094 priore
852 1014 994 1075 amatum
1027 1015 1059 1074 et
1081 1032 1156 1097 rege
1180 1015 1380 1076 antecessore
1403 1012 1443 1075 ab
1469 1012 1524 1076 illa
1547 1013 1646 1076 inter-

333 1111 419 1174 fecto
452 1111 559 1194 ipsum
592 1130 701 1195 regem
733 1107 863 1172 factum.
919 1129 1017 1191 quare
1049 1108 1265 1173 Xandramem
1298 1110 1404 1192 ipsum
1437 1131 1503 1174 non
1534 1110 1647 1194 magni

333 1208 496 1273 aestimari
520 1231 539 1271 a
562 1209 628 1271 suis
660 1203 848 1293 civibus.²⁵⁸)
895 1205 950 1270 sed
973 1204 1191 1270 Alexandrum
1222 1229 1326 1289 neque
1353 1211 1480 1272 vastum
1504 1208 1646 1290 spatium

332 1328 438 1390 neque
460 1304 614 1370 Indorum
638 1305 753 1390 populi
775 1304 992 1388 potentissimi
1021 1309 1262 1389 perterruenmt
1284 1327 1325 1369 ne
1348 1309 1437 1370 trans
1460 1304 1646 1389 Hyphasim

332 1403 586 1490 progrederetur.
632 1403 783 1486 sperabat
805 1402 902 1466 etiam
934 1401 1029 1466 facile
1061 1402 1124 1466 sibi
1147 1402 1293 1468 Praesios
1317 1407 1350 1467 et
1374 1400 1572 1468 Gandaridaa
1597 1424 1647 1468 ac-

333 1523 478 1566 cessuros
501 1523 579 1585 esse,
603 1523 676 1566 eum
699 1522 808 1586 regem
832 1501 878 1564 eis
902 1501 936 1564 in
960 1501 1034 1565 odio
1058 1523 1127 1566 ease
1148 1501 1245 1565 sciret
1258 1505 1291 1566 et
1304 1505 1438 1585 propter
1452 1503 1647 1585 pravitatem

333 1604 366 1664 et
398 1599 637 1686 ignobilitatem
669 1600 704 1662 in
736 1595 1041 1684 contemptionem)
1088 1598 1142 1663 sed
1174 1599 1237 1662 iam
1271 1599 1333 1683 ipsi
1366 1599 1485 1664 milites
1512 1599 1647 1664 rebella-

332 1702 448 1764 verant
461 1698 651 1763 Macedones
673 1718 778 1781 neque
801 1697 939 1780 amplius
968 1719 1002 1761 se
1025 1718 1251 1783 progressuros
1274 1719 1343 1762 esse
1367 1697 1647 1762 confirmaverunt.

333 1801 405 1861 octo
429 1797 496 1861 fere
519 1819 620 1861 annos
644 1817 752 1881 regem
776 1796 878 1860 secuti
903 1791 1062 1881 aranda),
1086 1816 1261 1878 omnesque
1284 1795 1363 1860 belli
1385 1794 1512 1860 labores
1537 1797 1647 1860 omnia

332 1896 475 1979 pericula
505 1897 664 1979 patienter
686 1893 840 1979 tulerant;
867 1914 953 1957 nunc
982 1893 1081 1958 animi
1110 1892 1226 1958 defessi
1245 1897 1278 1957 et
1301 1893 1459 1957 imbribus
1483 1895 1647 1957 continuis

333 1993 458 2076 viisque
490 1993 664 2077 plurimam
696 1997 820 2076 partem
853 1992 933 2056 aviis
957 2012 1092 2076 corpora
1120 1991 1295 2077 defatigata
1319 1995 1410 2055 erant
1433 1995 1465 2056 et
1489 1992 1646 2058 confecta.

334 2092 430 2156 multi
462 2092 582 2156 milites
605 2090 795 2155 Macedones
819 2091 854 2154 in
876 2089 995 2176 pugnis
1028 2093 1084 2152 aut
1115 2089 1150 2152 in
1172 2089 1287 2154 itinere
1311 2089 1517 2154 conciderant
1539 2112 1646 2174 neque

333 2211 487 2273 umquam
511 2190 589 2254 belli
612 2189 687 2254 finis
718 2187 972 2272 exspectabatur.
1018 2191 1236 2272 cognoverant
1264 2187 1361 2251 etiarn
1384 2186 1482 2252 Indos
1505 2209 1574 2252 non
1598 2209 1645 2252 ea-

333 2288 405 2352 dem
430 2309 527 2372 opera
550 2287 639 2352 facili
662 2309 756 2372 posse
780 2286 985 2369 vinciatque
1008 2284 1122 2348 Persas
1145 2281 1390 2372 Medosque²⁵⁶),
1413 2289 1446 2350 et
1468 2308 1572 2369 paene
1596 2287 1646 2350 dc-

334 2387 507 2470 sperabant
530 2386 649 2450 auditis
673 2407 755 2469 quae
779 2385 818 2479 dc
841 2384 971 2468 populis
993 2387 1083 2447 trans
1107 2379 1251 2468 Gangem
1274 2382 1494 2448 narrabantur.
1519 2389 1645 2469 septua-

333 2617 449 2683 scimns3
476 2617 510 2670 de
529 2615 670 2670 affinitate
688 2614 763 2684 regis
782 2612 1008 2668 Gandariderum
1026 2611 1322 2736 Apvapati-Sopeithis
1341 2629 1406 2666 oum
1423 2627 1490 2682 rege
1503 2611 1644 2682 Ajodhjae

333 2688 411 2742 urbia
430 2691 508 2742 trans
528 2687 655 2758 Gangem
674 2703 759 2756 snpra
778 2685 919 2739 admonui.
948 2683 1006 2736 illis
1024 2683 1198 2753 temporibus
1230 2685 1337 2737 crtasse
1355 2699 1421 2753 pars
1439 2700 1527 2752 parva
1545 2683 1644 2754 populi

333 2759 560 2815 Gandaridarum
578 2761 656 2813 trans
676 2756 803 2827 Gangem
821 2755 1000 2824 migraverat.

422 2835 484 2902 251)
503 2831 657 2884 Diodorum
675 2829 705 2882 in
723 2828 894 2882 nominando
913 2842 979 2896 rege
998 2841 1100 2894 sequor
1113 2825 1197 2890 xviv,
1213 2831 1282 2891 93,2.
1311 2825 1400 2880 Curtii
1419 2826 1529 2880 codices
1538 2827 1587 2894 IX,
1602 2831 1642 2893 2,3

334 2903 472 2972 praebent
489 2904 688 2973 Aggrammem
716 2899 761 2954 vel
788 2899 945 2968 Agramem.
983 2897 1103 2951 fortasse
1131 2897 1208 2966 apud
1235 2896 1316 2950 illum
1339 2914 1391 2951 vox
1419 2897 1574 2966 depravata
1602 2899 1643 2952 cst

332 2973 511 3028 librariorum
530 2973 622 3042 culpa.
659 2970 831 3026 nemetiam
855 2969 931 3038 quod
955 2969 989 3022 de
1008 2968 1177 3022 Xandramis
1197 2967 1286 3038 copiis
1305 2971 1402 3022 narrat
1421 2969 1562 3022 consentit
1582 2987 1643 3023 cnm

332 3045 455 3099 Diodoro
474 3045 558 3111 XVII,
574 3051 643 3111 932,
663 3045 780 3112 excepto
799 3042 875 3110 quod
898 3041 945 3094 hic
967 3036 1201 3110 τετρακισχιλίους
1220 3039 1385 3108 elephantos
1404 3039 1575 3094 Xandramis
1594 3059 1641 3094 nu-

336 3117 459 3182 meravit,
487 3116 536 3184 qui
563 3119 659 3170 tamen
686 3131 818 3168 numerus
847 3129 880 3166 ex
899 3111 994 3166 Curtio
1012 3111 1131 3178 1l‚a‚4;
1151 3117 1212 3177 2,26
1231 3111 1342 3165 videtur
1369 3111 1440 3165 cerri
1461 3113 1550 3165 endus
1575 3127 1640 3166 esse.

332 3189 452 3242 maiores
481 3187 567 3250 etiam
594 3203 722 3241 numeros
751 3184 838 3239 habet
855 3183 1022 3237 Plutarchus
1041 3183 1089 3236 vit.
1105 3182 1148 3236 Al.
1169 3200 1192 3236 c.
1209 3189 1255 3237 62:
1280 3182 1379 3235 LXXX
1397 3183 1437 3236 mi
1462 3183 1488 3236 'a
1507 3183 1641 3252 equitnm,

333 3259 375 3314 OG
392 3258 484 3312 millia
502 3258 632 3328 peditum
649 3258 714 3311 VHI
731 3256 823 3310 millia
842 3272 984 3319 curruum,
1004 3253 1219 3322 elephantorum
1237 3253 1276 3306 Vl
1293 3253 1392 3306 millia.
1421 3254 1545 3308 Iustinus
1566 3253 1640 3308 deni-

334 3348 389 3400 que
408 3331 467 3396 ΧΗ,
483 3336 499 3383 8
519 3329 653 3399 anhites
672 3328 863 3382 Alexandrum
882 3325 1011 3380 ducentis
1030 3325 1156 3378 millibus
1176 3325 1329 3393 equitum
1348 3327 1480 3394 oppartos
1500 3341 1561 3379 esse
1580 3342 1641 3379 nar—

331 3405 389 3470 rat3
408 3401 458 3456 ubi
478 3404 553 3456 certe
572 3399 767 3469 corrigendum
787 3401 829 3452 est
847 3397 1009 3468 peditum.

421 3475 483 3544 252)
501 3473 568 3527 inde
586 3472 697 3526 videtur
715 3471 792 3525 fama
813 3469 966 3539 repetenda
988 3483 1048 3522 esse
1067 3468 1132 3521 Pori
1155 3467 1244 3536 ipsius
1268 3470 1378 3536 patrem
1396 3467 1484 3522 fuisse
1502 3469 1641 3522 tonsorem

333 3545 367 3600 cf.
387 3545 498 3600 Hellad.
519 3543 671 3599 Chrestom.
692 3542 768 3612 apud
787 3540 919 3594 Photium
938 3544 989 3592 530
1008 3557 1034 3592 u.
1056 3545 1098 3593 36.
1136 3539 1182 3592 cui
1209 3555 1244 3593 nc
1270 3539 1418 3593 minimam
1436 3539 1520 3594 fidem
1538 3539 1640 3594 habere

333 3618 431 3672 debuit
447 3615 576 3685 'Droysen
589 3615 616 3668 Π
634 3634 660 3684 p.
678 3621 737 3668 149.

421 3690 483 3758 253)
502 3688 544 3742 ita
562 3687 680 3742 Diodori
698 3686 792 3754 εὐτελῆ
811 3683 859 3738 καὶ
878 3682 983 3747 ἄδοξον
1002 3681 1177 3750 interpretor.

422 3763 483 3830 254)
504 3760 537 3814 cf.
558 3759 631 3812 Plut.
646 3776 670 3812 v.
686 3757 728 3810 Al.
750 3773 771 3810 c.
788 3762 829 3822 62,
850 3755 898 3823 qui
918 3753 1134 3807 Sandraeottum
1162 3752 1384 3824 (Qandragupta)
1412 3755 1510 3807 narrat
1537 3754 1639 3808 dixisse

333 3831 453 3900 saepius,
481 3831 541 3886 sine
568 3846 672 3899 magno
699 3828 795 3882 labore
823 3827 948 3897 potuisse
967 3824 1110 3895 regionem
1133 3827 1211 3878 trans
1231 3824 1357 3895 Gangem
1377 3825 1461 3879 sitam
1480 3840 1639 3895 expugnare

332 3903 522 3958 Alexandrum
542 3903 577 3956 de
596 3900 702 3956 caussis
720 3900 751 3953 in
769 3898 929 3953 narratione
949 3912 965 3949 a
984 3912 1029 3950 me
1048 3895 1151 3950 allatis.
1316 3912 1319 3917 ·

423 3977 484 4044 255)
505 3989 578 4042 quae
602 3988 718 4027 caussae
732 3970 886 4026 Alexandri
908 3968 1013 4021 milites
1033 3967 1233 4021 commoverint
1246 3969 1278 4020 ut
1293 3969 1390 4022 contra
1407 3983 1503 4038 regem
1521 3967 1637 4022 rebella-

333 4048 396 4100 rent
423 4045 514 4098 fusius
532 4045 659 4113 Drcysen
678 4043 808 4112 exposuit
825 4041 844 4094 l.
859 4041 876 4094 l.
892 4039 919 4092 ΙΙ
936 4059 963 4108 p.
981 4045 1078 4106 160sq.
1097 4040 1130 4092 ut
1153 4039 1222 4092 satis
1250 4038 1371 4092 habeam
1390 4039 1489 4093 eadem
1507 4042 1638 4108 repetere.

333 4117 410 4187 quod
428 4117 554 4170 Ritterns
574 4117 641 4170 olim
659 4115 771 4184 putavit
789 4131 853 4166 non
872 4111 1029 4182 potuisse
1047 4109 1238 4164 Alexandrum
1256 4110 1389 4180 progredi
1406 4113 1521 4180 proptor
1538 4111 1638 4164 imbres

335 4189 430 4244 omnia
449 4187 692 4258 superfundentes‚
716 4184 834 4238 nimium
858 4183 933 4238 certe
952 4182 1031 4235 dixit.
1065 4197 1132 4234 sane
1150 4181 1232 4235 Diod.
1247 4181 1332 4247 XVII,
1348 4187 1408 4248 946
1426 4181 1552 4236 narravit
1570 4180 1639 4236 κατὰ

334 4263 421 4332 τύχην
440 4258 471 4315 δὲ
490 4260 539 4314 καὶ
558 4268 690 4330 χειμῶνες
709 4257 801 4326 ἄγριοι
824 4251 1036 4323 κατερράχησαν
1056 4249 1098 4322 ἐφ’
1120 4251 1225 4322 ἡμέρας
1248 4251 1439 4324 ἑβδομήκοντα
1458 4253 1506 4306 καὶ
1525 4251 1638 4324 βρονταὶ

332 4341 457 4402 συνεχεῖς
475 4333 524 4386 καὶ
547 4330 681 4400 κεραυνοὶ
700 4325 903 4396 κατέσκαπτον,
926 4325 959 4377 ut
978 4325 1115 4379 exercitus
1134 4339 1305 4392 quamquam
1323 4341 1380 4378 non
1398 4325 1428 4377 in
1446 4323 1566 4393 planitie
1585 4326 1638 4394 (ex-

333 4407 416 4474 cepta
435 4403 613 4473 expeditione
632 4402 662 4456 in
681 4400 829 4470 Catheeos)
854 4399 903 4453 sed
926 4397 955 4450 in
978 4395 1119 4450 montanis
1138 4395 1300 4465 regionibus
1318 4395 1456 4464 processit
1473 4395 1519 4464 (cf.
1539 4395 1637 4450 Strabo

330 4475 390 4542 XV,
411 4481 476 4542 70ος
496 4476 541 4545 32)
561 4473 629 4528 satis
647 4473 721 4528 male
739 4471 877 4526 imbribus
897 4469 1026 4524 videatur
1050 4465 1167 4522 affectus
1191 4483 1259 4520 csse.
1297 4467 1347 4520 scd
1365 4483 1504 4534 nusquam
1521 4466 1637 4521 refertur

331 4565 387 4601 non
405 4547 531 4617 potuisse
550 4562 614 4599 enm
632 4561 700 4614 prae
719 4543 855 4597 imbribus
878 4539 1037 4612 procedere.
1075 4539 1110 4592 dc
1134 4538 1198 4592 aliis
1217 4537 1357 4592 erroribus
1377 4537 1537 4592 criticorum
1555 4553 1635 4592 novo-

332 4637 394 4672 rum
413 4618 447 4673 cf.
468 4618 576 4672 Xaerst.
592 4615 610 4669 l.
625 4616 643 4668 l.
659 4615 672 4668 I
689 4633 716 4684 p.
733 4621 784 4668 365
803 4615 867 4667 adn.
883 4621 907 4667 2.

1726 4179 1732 4462 l

421 4692 482 4760 256)
502 4688 537 4742 cf.
552 4687 625 4742 Plut.
640 4687 683 4740 Al.
705 4704 726 4740 c.
743 4692 789 4740 621
808 4687 873 4748 τοὺς
891 4683 986 4775 pirvos
1004 4679 1177 4744 Μακεδόνας
1195 4680 1210 4735 ὁ
1228 4681 1299 4749 πρὸς
1317 4684 1420 4749 Πῶρον
1439 4680 1515 4750 ἀγὼν
1535 4681 1635 4752 &padic-
1725 4743 1728 4782 χ

331 4759 429 4830 adpone
448 4757 561 4832 ἐποίησε
580 4759 628 4814 καὶ
647 4767 696 4813 τοῦ
715 4757 810 4826 πρόσω
828 4765 877 4828 τῆς
901 4760 1014 4824 Indictis
1033 4753 1072 4808 ἔτι
1090 4756 1242 4821 aportasse
1261 4751 1366 4826 ἐπέσχε.
