3496 5308
710 313 932 378 ,15-

170 477 357 542 transmisso
386 473 567 559 paullulum
596 473 728 538 adverso
752 471 886 560 Ohoe³⁹)
916 473 1013 538 fluvio
1041 472 1094 537 via
1121 476 1273 537 montana
1300 496 1400 559 eaque
1428 498 1473 539 as·

169 597 244 659 pera
276 573 440 658 profectus
472 577 529 636 est.
583 594 647 656 quo
678 571 851 636 difficulter
878 573 1030 655 superato
1059 609 1101 618 ·-
1129 593 1204 635 nam
1231 594 1250 634 a
1276 571 1473 657 Parapaniso

168 709 380 720 ..--———

168 784 224 855 (fv,
249 790 318 854 23‚1.
347 785 428 854 25‚6‚)
456 782 576 837 fortasse
604 781 691 836 etiam
714 781 836 836 Masiani
859 781 1005 837 Strabonis
1031 781 1101 853 (XV,
1125 785 1195 853 691),
1242 781 1359 836 dubium
1382 785 1473 838 adhuc

167 856 305 910 indicium
323 856 358 910 de
375 854 530 909 Astacenis.
563 869 626 907 mea
644 853 759 922 quidem
778 853 919 908 sententia
937 854 1054 908 haerent
1071 853 1155 907 nimis
1174 853 1226 907 viri
1245 854 1322 909 docti
1340 855 1370 908 in
1388 856 1473 910 verbo

168 929 371 982 Astacenorum
393 926 478 998 (unde
503 925 661 979 derivatum
680 925 793 979 uidetur
811 924 898 979 fuisse
916 942 1018 980 nomen
1036 924 1110 1006 regis
1129 924 1230 994 Astis);
1256 942 1322 978 nam
1340 927 1474 980 Astaceni

167 998 299 1053 videntur
322 1015 382 1052 esse
406 999 487 1066 „octo
509 995 621 1049 urbium
644 995 778 1052 incolae“.
820 997 903 1050 urbes
928 999 993 1049 sunt
1015 996 1100 1050 hodie
1123 996 1189 1052 hae:
1218 996 1322 1121 Tangi,
1347 997 1473 1067 Shirpao‚

1299 1087 1337 1121 nn

168 1069 288 1138 Ummai,
308 1067 475 1138 Turangzai,
494 1067 655 1134 Usmanzai
673 1067 769 1136 Rajur‚
789 1067 932 1122 Charsada
945 1067 1058 1137 Parang
1075 1066 1214 1137 (NisataI)
1228 1068 1262 1122 cf.
1338 1069 1474 1139 ningham

167 1141 185 1196 1.
205 1141 223 1196 I.
242 1142 255 1194 Ι
273 1160 299 1210 p.
320 1143 385 1194 boet
408 1139 535 1193 chartam
552 1138 598 1193 IV.
623 1141 709 1208 caput
731 1138 814 1192 hodie
839 1139 1022 1208 Hashtnagar
1049 1138 1146 1208 „eight
1168 1138 1266 1194 cities“
1292 1139 1378 1194 Cunn.
1402 1140 1419 1194 l.
1440 1141 1473 1195 l.:

166 1211 216 1267 the
238 1211 339 1282 people
362 1210 528 1265 themselves
552 1209 625 1264 refer
647 1211 696 1264 the
718 1226 800 1264 name
827 1209 858 1264 of
878 1209 912 1265 H.
935 1212 965 1263 tc
989 1209 1037 1264 the
1063 1209 1161 1279 „eight
1178 1213 1285 1264 towns“
1309 1211 1401 1265 which
1426 1230 1473 1266 are

166 1301 230 1338 now
254 1283 352 1337 seated
371 1283 453 1336 chose
471 1281 602 1350 together
620 1280 705 1352 along
722 1281 772 1335 the
789 1281 876 1335 lower
894 1297 990 1335 course
1009 1280 1041 1334 of
1055 1281 1104 1334 the
1123 1281 1200 1335 Swat
1218 1281 1297 1336 river.

258 1353 340 1419 Quod
359 1353 384 1406 si
402 1369 499 1406 verum
517 1354 568 1421 est,
586 1352 628 1406 nil
645 1351 773 1422 impedit,
793 1351 941 1421 quominus
960 1355 1050 1406 totam
1068 1351 1144 1406 intra
1158 1353 1248 1406 Koam
1267 1353 1311 1407 vel
1325 1353 1429 1408 Choem
1445 1357 1474 1408 et

167 1426 268 1479 Indum
282 1424 380 1479 fluvios
395 1424 480 1478 sitam
493 1423 636 1494 regionem
649 1423 784 1493 populum
798 1427 859 1478 tum
872 1423 996 1478 tenuisse
1006 1441 1092 1476 unum
1102 1423 1303 1480 existimemus:
1319 1425 1473 1479 Assacenos

172 1497 216 1551 vel
235 1495 382 1550 Gandaras
395 1496 527 1550 Indorum
545 1495 594 1564 qui
613 1497 713 1566 postea
730 1495 937 1550 incursionibus
951 1495 1078 1565 gentium
1093 1495 1355 1565 septentrionalium
1370 1497 1474 1566 scythi-

168 1585 264 1621 carum
287 1567 398 1621 saeculo
421 1566 522 1621 ultimo
547 1569 612 1621 ante
636 1566 697 1621 Chr.
722 1585 748 1622 n.
768 1569 887 1622 exeunte
905 1566 1044 1621 inchoatis
1062 1567 1149 1636 pressi
1171 1566 1209 1622 cl.
1230 1567 1385 1622 Ptolemaei
1403 1571 1473 1622 tem-

167 1638 283 1764 ppritlrlus
291 1655 355 1764 Pgeo
390 1637 552 1779 epipivliptelr)
561 1637 695 1692 Suastum
709 1641 738 1692 et
752 1638 852 1692 Indum
870 1637 1072 1705 habitaverint,
1092 1655 1207 1706 quorum
1227 1639 1294 1692 urbs
1313 1639 1474 1694 nominatur

168 1727 185 1762 a
222 1728 233 1762 1
256 1728 272 1764 o
314 1727 345 1764 or
376 1726 418 1764 ars
500 1752 506 1776 ,
555 1753 560 1764 .
901 1758 906 1772 ,

256 1780 390 1851 Singulae
422 1783 520 1850 gentes
552 1782 688 1850 quotnam
719 1780 825 1835 fuerint
852 1783 881 1834 et
912 1779 1028 1834 ubinam
1057 1780 1234 1835 consederint
1261 1781 1286 1835 si
1313 1782 1473 1851 quaerimus

167 1851 348 1922 inspiciamus
375 1853 487 1922 praeter
510 1851 620 1906 Arrian.
639 1852 687 1920 IV,
711 1858 780 1922 23‚1‚
802 1852 853 1907 ubi
875 1867 971 1922 regem
993 1854 1091 1906 narrat
1112 1851 1281 1922 processisse
1304 1853 1334 1906 in
1356 1854 1473 1923 Aspasi-

168 1941 297 1992 ancmm,
325 1923 509 1993 Guraeorum,
537 1923 742 1978 Assacenorum
765 1923 906 1993 regiones,
933 1923 1052 1978 eundem
1074 1923 1217 1994 Ind.l,1‚
1241 1923 1292 1977 ubi
1315 1925 1473 1980 Astakenos

167 1995 253 2048 refert
272 1998 300 2049 et
314 1994 474 2049 Assakanos
494 1996 522 2048 ct
536 1993 661 2064 Nysaeos
676 1995 806 2056 habitare
820 1994 896 2048 intra
908 1995 1009 2048 Indum
1023 1993 1239 2064 Cophenemque
1253 1995 1361 2050 fluvios.
1390 2013 1473 2066 quem

166 2067 296 2136 supplere
318 2083 466 2136 possumus
490 2065 636 2120 Strabonis
659 2066 758 2121 nuntio
777 2065 839 2137 (xv
857 2085 884 2137 p.
904 2071 955 2120 698
974 2065 1037 2136 in.):
1063 2066 1132 2135 μετὰ
1155 2067 1207 2136 μὲν
1226 2065 1276 2120 οὖν
1295 2069 1344 2122 τὸν
1364 2072 1473 2137 Κώφην

166 2137 181 2192 ὁ
197 2137 286 2201 Ἰνδὸς
304 2136 355 2208 ῥεῖ.
392 2138 423 2192 τὸ
448 2134 480 2192 dl
501 2137 604 2207 μεταξὺ
622 2137 728 2192 τούτων
746 2147 801 2192 τῶν
820 2140 899 2192 δυεῖν
918 2145 1050 2208 ποταμῶν
1071 2136 1181 2207 ἔχουσιν
1198 2136 1360 2208 Ἀσσακηνοί
1376 2159 1405 2194 σε
1425 2139 1473 2194 καὶ

95 2217 97 2221 ’
166 2209 313 2265 Μασιανοὶ
336 2209 384 2264 καὶ
404 2211 527 2264 Νυσαῖοι
546 2210 595 2263 καὶ
610 2207 758 2264 Ἳππάσιοι.
796 2206 851 2264 εἷθ’
871 2206 1073 2278 ἡἎσσααανοῦ
1093 2207 1165 2264 ὅπου
1184 2207 1306 2280 Μασόγα
1324 2210 1417 2280 πόλις,
1441 2211 1473 2265 τὸ

169 2282 310 2352 βασίλειον
328 2290 377 2344 σῦς
394 2281 492 2351 χώρας.
526 2279 580 2348 ἤδη
601 2278 632 2334 δὲ
651 2281 722 2349 πρὸς
737 2287 774 2353 τῷ
786 2279 865 2352 Ἰνδῷ
880 2280 947 2349 ἄλλη
962 2277 1042 2342 πόλις
1056 2283 1238 2342 Πευκελαῑσις
1252 2282 1321 2349 πρὸς
1335 2277 1352 2353 ᾗ
1368 2282 1472 2364 ζεῦγμα

166 2350 289 2421 γενηθὲν
309 2347 461 2421 ἐπεραίωσε
480 2351 531 2420 τὴν
551 2351 683 2419 στρατιὰν
699 2347 754 2407 ari.
788 2351 867 2405 cuius
881 2351 1012 2421 Hippasii
1031 2369 1094 2404 cum
1109 2351 1196 2406 iidem
1210 2351 1269 2406 sint
1283 2370 1346 2406 cum
1360 2353 1473 2406 Amani

165 2423 303 2492 Aspauia
321 2423 372 2478 hos
392 2426 486 2477 autem
501 2422 660 2476 Alexander
676 2422 751 2478 Chae
770 2440 852 2478 amne
872 2425 1003 2492 superato
1021 2422 1126 2493 primos
1141 2439 1289 2494 aggressus
1305 2423 1350 2493 sit,
1371 2423 1471 2479 Strabo

165 2494 831 2636 llll⁸0Silililainllilllnltabnlllle)
845 2493 1401 2634 alul}0lttuttl2¹¹zaltl⁰u
1418 2495 1471 2622 ⁰0³5·

166 2637 286 2706 phenem
311 2637 475 2691 habitantes
497 2636 573 2690 intra
590 2636 691 2694 Indum
714 2609 851 2692 ethardi
870 2669 903 2678 -
924 2637 1000 2692 Swat
1018 2640 1048 2690 et
1065 2585 1218 2707 Panghord
1234 2637 1311 2691 fluvii
1330 2638 1473 2694 coniuncti

167 2709 347 2779 appellantur
368 2707 458 2762 Laudi
478 2707 599 2778 (videtur
623 2708 648 2762 is
672 2725 732 2764 esse
751 2725 835 2779 quem
852 2708 1007 2764 Μάλανσον
1025 2708 1154 2762 nominat
1171 2709 1306 2763 Arrianus
1321 2710 1380 2765 Ind.
1396 2716 1470 2778 4‚11:

167 2780 275 2848 Κωφὴν
294 2777 325 2832 δὲ
344 2775 375 2834 ἐν
394 2779 597 2848 Πευκελαήτιδι
616 2780 674 2850 ἅμα
694 2779 723 2835 οἷ
739 2780 815 2862 ἄνων
834 2777 989 2834 Μάλαντόν
1008 2799 1037 2834 τε
1056 2780 1104 2834 καὶ
1119 2778 1246 2836 Σόαστον
1265 2781 1313 2835 καὶ
1329 2779 1472 2852 Γαρροίαν

167 2847 280 2904 ἐκδιδοῖ
297 2850 336 2912 εἰς
354 2850 402 2905 τὸν
418 2849 518 2922 Ἰνδὸν)
537 2884 573 2892 -
591 2851 675 2906 hodie
693 2855 870 2906 nominatum
889 2868 1007 2920 amnem,
1032 2851 1081 2906 scd
1099 2851 1214 2921 propius
1233 2852 1275 2915 ad¹
1288 2853 1471 2923 posteriorem

167 2921 350 2976 considentes.
397 2939 515 2991 quorum
542 2922 620 2992 regio
648 2941 715 2976 num
743 2926 803 2978 tum
830 2939 919 2990 usque
945 2923 982 2976 ad
1005 2923 1089 2977 Actor
1116 2923 1230 2978 fluvium
1253 2924 1420 2993 pertinuerit
1442 2924 1472 2976 in

166 2992 266 3046 Indum
285 3009 318 3046 ex
334 2993 466 3064 Kapmira
484 2993 647 3049 influentem
665 2995 741 3064 quod
760 2994 879 3064 sumpsit
896 2995 1009 3048 Lassen.
1029 2995 1062 3062 Il,
1078 3000 1128 3048 142
1148 2994 1223 3049 idem
1237 3011 1339 3049 nomen
1353 2998 1382 3049 et
1395 2994 1472 3048 fluvii

166 3064 416 3119 etAstacenorum
438 3068 613 3133 eucratas,
637 3066 768 3121 dubitare
791 3066 865 3122 licet.
903 3065 990 3120 etiam
1013 3065 1096 3134 qnod¹
1111 3082 1213 3120 nomen
1237 3066 1330 3136 gentis
1350 3066 1472 3135 explicat

166 3135 248 3204 „but
266 3137 311 3192 bet
330 3135 375 3192 aas
396 3139 460 3194 αιὲΗ
479 3136 549 3190 mihi
567 3153 668 3206 parum
685 3137 832 3206 probabile
852 3140 901 3192 est.
934 3155 1016 3207 porro
1035 3137 1204 3191 Peucelaitis
1223 3137 1277 3207 (vel
1298 3137 1417 3192 Peucela
1436 3137 1470 3192 of.

169 3207 275 3262 Anien.
294 3207 353 3262 Iud.
387 3251 393 3271 ,
413 3214 429 3262 8
453 3208 497 3262 vel
519 3207 695 3262 Peucelaotis
718 3208 751 3263 cf.
771 3209 832 3263 Arr.
851 3209 898 3278 IV,
918 3212 990 3279 285)
1013 3211 1099 3278 caput
1120 3208 1176 3262 luit
1198 3209 1405 3263 Astakenorum
1428 3225 1470 3262 re-

166 3278 265 3347 gionis.
298 3295 365 3333 nam
379 3281 477 3333 Astem
485 3279 692 3333 Peucelaotidis
710 3278 832 3350 regionis
851 3280 1026 3350 hyparchum
1044 3279 1132 3334 fuisse
1142 3280 1276 3334 Arrianus
1293 3282 1415 3334 testatur
1425 3280 1471 3346 IV,

166 3355 234 3417 228.
271 3350 329 3404 iam
347 3349 487 3405 Assakeni
508 3368 566 3404 non
585 3351 622 3404 ad
640 3350 811 3421 Sophanem,
838 3351 887 3406 sed
905 3351 996 3422 magis
1015 3351 1347 3420 septentrionemversus
1367 3350 1471 3404 circum

165 3420 264 3474 Landi,
283 3424 312 3476 et
340 3421 435 3476 Suwat
461 3421 560 3476 fluvios
589 3422 625 3476 ad
653 3422 753 3476 Indum
780 3439 869 3492 usque
896 3423 1027 3478 videntur
1053 3422 1205 3478 habitasse.
1248 3439 1315 3475 nam
1338 3421 1414 3476 Hora
1441 3421 1472 3474 in

166 3492 260 3546 urbem
280 3492 432 3548 Abhisares
454 3510 503 3548 rex
526 3492 689 3548 auxiliarios
712 3493 828 3549 miserat
850 3494 920 3564 (Arr.
940 3493 986 3563 IV,
1006 3497 1086 3564 273),
1109 3511 1200 3563 neque
1222 3492 1281 3547 veri
1305 3495 1348 3546 est
1371 3491 1471 3559 simile,

167 3562 241 3616 Hora
260 3565 464 3619 Assacenorum
485 3565 584 3618 urbem
607 3564 648 3618 ita
666 3565 764 3635 procul
783 3566 819 3619 ab
837 3566 907 3620 Indo
926 3564 1012 3619 fuisse
1031 3565 1123 3620 sitam.
1159 3582 1242 3634 porro
1261 3563 1337 3617 intra
1355 3563 1473 3616 Khunar

167 3633 284 3688 fortasse
303 3638 331 3689 et
348 3635 439 3690 Landi
457 3635 557 3690 fluvios
575 3635 689 3706 propius
708 3637 745 3691 ad
764 3636 923 3706 Sophanem
938 3636 1067 3705 Mariani,
1086 3635 1177 3706 magis
1197 3636 1233 3689 ad
1252 3633 1473 3705 septentrionem

167 3703 271 3773 Nysaei
289 3705 347 3762 sive
366 3707 469 3762 Guraei
488 3707 593 3761 circum
610 3707 760 3777 Panghora
777 3707 892 3761 fluvium
911 3707 985 3776 (vide
1004 3707 1090 3762 etiam
1109 3706 1148 3762 01.
1163 3706 1358 3760 Ptolemaeum
1372 3705 1431 3774 vn,
1448 3712 1472 3772 1,

168 3775 215 3844 qui
242 3775 315 3831 infra
337 3778 489 3833 Lambatas
512 3781 541 3832 et
564 3778 715 3833 Suastenos
739 3778 878 3848 Goryaem
905 3778 1061 3849 regionem,
1089 3778 1165 3832 intra
1192 3777 1281 3847 igitur
1304 3777 1421 3830 Khunar
1444 3779 1473 3830 et

168 3845 298 3901 Suastum
321 3848 416 3920 (Swat)
439 3849 550 3920 fluvios,
570 3849 654 3904 sitam
677 3866 737 3904 esse
760 3851 862 3919 putat‚)
886 3849 998 3919 Aspasii
1022 3849 1140 3918 denique
1161 3848 1218 3902 sive
1237 3847 1370 3918 Hippasii
1389 3863 1474 3916 supra

167 3917 321 3987 Masianos‚
348 3919 427 3975 iuxta
450 3920 574 3978 Guraeos
602 3921 639 3974 ad
657 3921 774 3976 Khunar
796 3921 920 3990 (Chcem)
944 3919 1059 3974 fluvium
1081 3937 1177 3974 versus
1202 3923 1309 3974 terram
1333 3919 1471 3973 colebant.

167 3993 198 4043 ut
215 3990 268 4044 hoc
287 3989 402 4046 addam:
422 3992 533 4046 videtur
550 3991 621 4046 mihi
637 4009 745 4047 errasse
759 3992 872 4046 Lassen.
890 3993 943 4062 Ip.
960 3997 1011 4046 502
1026 4009 1050 4046 a.
1067 3998 1082 4045 5
1102 3991 1152 4060 qui
1166 3990 1317 4045 Strabonis
1331 3989 1474 4044 Masianos

168 4062 278 4116 eosdem
300 4061 414 4131 putavIt
436 4080 499 4117 cum
517 4063 712 4134 Massagorum
734 4063 813 4117 urbis
836 4063 935 4118 ineolis
958 4066 991 4116 ut
1016 4063 1087 4118 falso
1106 4079 1212 4118 nomen
1230 4061 1423 4116 Masianorum
1441 4075 1476 4112 ex

167 4131 395 4203 Massagenorum
409 4133 592 4204 depravatum
606 4137 687 4191 esset.
719 4134 774 4188 fuit
788 4138 899 4204 tempus
914 4152 977 4188 cum
991 4133 1189 4204 adstipularer,
1208 4151 1286 4186 nunc
1299 4149 1380 4204 nego.
1410 4147 1477 4182 nam

142 4221 220 4260 ,non
244 4205 368 4259 adducor
390 4207 423 4258 ut
441 4205 608 4260 Strabonem
633 4209 692 4260 tarn
714 4205 897 4276 neglegenter
919 4205 1011 4277 egisse
1034 4205 1156 4260 arbitrer
1179 4204 1231 4273 qui
1250 4208 1317 4274 post
1334 4201 1477 4257 Masiancs

168 4275 216 4344 τὴν
227 4273 395 4331 Ἀσοανανοῦ
410 4279 609 4331 commemorat
623 4295 687 4331 cum
701 4278 769 4332 urbe
783 4277 914 4347 Μουόγα.
942 4280 1066 4332 ceterum
1079 4276 1157 4346 apud
1172 4276 1299 4330 eundem
1313 4274 1480 4328 Strabonem

169 4349 257 4402 exstat
274 4347 304 4401 in
323 4346 467 4402 codicibus
481 4347 533 4402 XV
545 4367 573 4418 p.
589 4354 638 4402 691
660 4347 721 4404 doce
739 4356 772 4419 sp
783 4347 934 4404 Ἱππαοίων
953 4349 1002 4403 καὶ
1020 4356 1053 4418 τῇ
1068 4353 1263 4402 Μουσικανοῦ
1278 4354 1314 4418 γῇ
1328 4344 1379 4399 ubi
1389 4341 1481 4395 Ἀσοα-

168 4427 253 4473 αανου
275 4418 433 4490 flagitatur,
456 4419 556 4474 melius
579 4421 674 4474 tamen
697 4424 893 4474 Μασσακανοῦ
917 4419 1021 4476 servari
1046 4421 1152 4489 posset.
1192 4417 1276 4488 regio
1296 4415 1435 4486 quaedam
1454 4412 1483 4464 et

168 4488 264 4544 fluvius
288 4490 401 4545 nominc
423 4490 520 4546 Indico
543 4491 725 4572 Mapakauati
747 4493 894 4560 vocantur,
920 4492 970 4547 ubi
989 4491 1077 4544 habes
1096 4491 1117 4543 k
1136 4489 1217 4542 illud
1237 4488 1273 4543 cf.
1293 4489 1372 4568 Lass.
1389 4484 1413 4548 Ι,
1432 4485 1483 4534 502

170 4575 190 4614 a.
209 4566 233 4615 ο.
256 4563 317 4616 tum
341 4561 427 4616 etiam
445 4563 603 4617 Massaeem
621 4565 714 4616 essent
732 4561 853 4617 derivati
872 4561 930 4616 sinc
950 4561 1036 4616 dubio
1056 4562 1092 4616 de
1111 4559 1236 4614 nomine
1255 4559 1336 4613 urb1s
1354 4551 1488 4610 Massaka

168 4629 248 4698 buain
266 4633 341 4688 vocis
359 4633 479 4688 formam
498 4633 618 4688 servavit
635 4633 744 4689 Anien.
764 4633 823 4688 Iud.
845 4639 867 4688 1.

253 4717 297 4785 89)
316 4713 399 4768 multi
426 4713 595 4769 recentiores
622 4716 725 4784 putant
749 4713 840 4768 critici
862 4714 979 4769 fluvium
1003 4713 1124 4781 chaam,
1155 4710 1212 4779 qui
1239 4710 1321 4780 apud
1343 4705 1494 4761 Asianum
