3506 5306
829 331 1074 395 -118-

297 510 450 574 facientes
474 511 620 574 misisset.
654 510 843 574 habitabant
860 509 984 574 Praesti
1007 514 1043 574 ut
1065 510 1191 574 videtur
1216 511 1298 574 oiroa
1322 509 1473 576 Mahorta
1496 512 1606 576 urbem

297 613 438 673 veterem
462 611 494 672 et
519 605 697 691 Shilxarpur
720 609 913 672 nostratium
936 609 971 672 in
993 609 1124 694 regione
1143 609 1239 691 plana
1262 609 1495 692 paululumque
1521 631 1606 672 mon·

297 710 386 789 tana,
419 727 555 790 quorum
589 706 667 770 duas
702 706 796 770 urbes
833 706 938 789 primo
971 707 1095 790 impetu
1127 706 1161 770 ri
1190 707 1396 791 expugnavit.
1443 708 1478 770 in
1510 708 1608 771 altera

297 805 403 888 ipsum
428 801 616 888 Oxyoanum
640 800 788 890 cepit.³'⁵)
827 825 964 887 cumque
983 804 1135 888 praedam
1155 804 1312 868 militibus
1332 805 1547 869 distribuisset
1567 843 1606 850 —

297 903 485 986 elephantos
510 923 591 984 quos
616 903 701 984 eepIt
725 923 833 965 secum
857 901 991 965 abduxit
1015 902 1215 985 -reliquas
1239 903 1334 966 urbes
1358 907 1607 988 aggressusest:

297 1022 378 1083 quae
411 1021 522 1064 omnes
550 998 725 1064 Alexandri
758 1004 790 1063 et
817 1000 945 1064 virtutis
979 1004 1011 1064 et
1042 1000 1191 1064 fortunae
1223 1000 1310 1064 fama
1339 1005 1519 1065 commotae
1552 1024 1608 1065 sua

296 1102 411 1182 sponte
435 1119 468 1162 se
492 1097 687 1161 dediderunt.

384 1194 453 1259 Iam
473 1196 507 1259 in
526 1193 638 1259 Sambi
656 1217 791 1281 regnum
811 1196 938 1279 invasit,
958 1219 1063 1280 quem,
1084 1217 1156 1260 cum
1176 1195 1359 1261 Alexandro
1379 1197 1463 1261 inter
1482 1195 1606 1283 Sogdos

296 1295 436 1358 moranti
460 1315 493 1358 se
516 1314 715 1379 regnumque
738 1294 929 1377 tradidisset,
952 1299 1023 1358 tum
1047 1295 1208 1359 montanis
1231 1293 1318 1358 Indis
1339 1299 1500 1380 satrapam
1520 1320 1608 1380 prae

295 1389 477 1478 fecerat.³⁷⁶)
524 1393 713 1456 habitabant
750 1393 798 1456 illi
835 1392 919 1456 circa
951 1391 1089 1457 Sehwan
1123 1393 1235 1457 urbem
1268 1393 1363 1456 hodio
1396 1392 1607 1481 vocatum³⁷⁷)

294 1610 565 1736 1111111111
586 1611 840 1752 1111111
859 1611 949 1738 aa
972 1612 1612 1753 11111111111111111

295 1752 446 1822 Oxykanus
470 1753 517 1822 lay
541 1756 570 1808 to
589 1753 639 1809 the
658 1755 815 1808 south-east
834 1755 865 1808 of
880 1755 965 1809 Alere
985 1799 990 1809 .
1008 1799 1013 1809 .
1031 1799 1035 1810 .
1056 1755 1168 1809 Curtius
1187 1755 1256 1809 calls
1275 1755 1324 1810 the
1343 1755 1466 1824 subjecte
1486 1757 1519 1810 of
1535 1756 1609 1826 Oxy-

294 1825 385 1879 kanus
403 1825 520 1879 Praesti.
559 1826 692 1879 Prashtas
712 1843 743 1879 or
760 1826 924 1880 Prashtalas
942 1827 1036 1897 might
1054 1828 1090 1882 be
1108 1827 1225 1898 applied
1243 1830 1272 1880 to
1292 1843 1309 1881 a
1328 1827 1429 1896 people
1448 1829 1609 1898 occupying

293 1897 342 1950 the
358 1896 476 1950 ‘Thuls’
497 1915 529 1951 or
547 1914 626 1952 cases
645 1897 678 1951 of
692 1898 742 1952 the
755 1898 879 1952 Desert’.
914 1898 1023 1952 derivat
1039 1899 1129 1969 igItur
1142 1899 1320 1954 Praestorum
1338 1916 1440 1953 nornen
1456 1917 1473 1953 a
1489 1899 1606 1954 ‘ahtala’

293 1985 360 2022 voce
378 1967 476 2022 Indica
495 1969 529 2022 cf.
545 1968 702 2039 Ounningh.
722 1988 749 2038 p.
766 1975 825 2023 261.
864 1971 913 2024 sed
932 1969 1011 2024 falso.

383 2043 445 2110 371)
465 2039 613 2109 Oxycanus
636 2041 797 2094 nominatur
821 2040 856 2094 ab
880 2041 998 2094 Amiano
1017 2040 1203 2109 Vl,lt,1sq.
1242 2040 1381 2095 Diodorus
1399 2040 1484 2108 XVII,
1506 2047 1566 2110 102,
1581 2049 1607 2111 ὅ,

293 2110 405 2164 Curtius
419 2111 464 2176 IX,
481 2116 505 2177 8,
522 2117 563 2177 12,
583 2112 683 2166 Strabo
698 2111 749 2165 XV
762 2131 789 2182 p.
806 2118 865 2176 701,
885 2112 1065 2166 Portioanum
1083 2111 1237 2182 appellant.
1270 2127 1371 2166 nomen
1390 2113 1468 2181 prius
1488 2114 1523 2167 de
1536 2113 1608 2169 urbe

293 2183 416 2236 maxima
443 2183 555 2236 videtur
582 2184 680 2237 datum
706 2200 767 2238 osse
786 2184 830 2253 (cf.
847 2182 1003 2254 Cunningh.
1020 2185 1081 2252 260)
1106 2183 1142 2237 ab
1165 2184 1261 2238 radice
1284 2183 1381 2237 Indica
1403 2183 1492 2250 uchh,
1521 2202 1606 2253 quam

293 2253 407 2308 Graecis
434 2254 520 2309 etiam
543 2271 609 2308 ussa
628 2253 754 2309 sonuisse
773 2271 858 2324 supra
877 2271 910 2307 ex
929 2253 1155 2324 Cunninghamio
1173 2254 1277 2308 monui.
1316 2258 1489 2324 quapropter
1506 2257 1606 2311 urbem

292 2325 424 2379 Indorum
452 2342 469 2379 a
492 2325 653 2380 Ptolemaeo
682 2327 844 2397 geographo
872 2328 1119 2381 commemoratam
1144 2325 1303 2380 Oskanam
1326 2325 1523 2396 Gunningham
1550 2327 1606 2382 huc

291 2397 415 2463 rettulit,
441 2397 560 2450 fortasse
578 2399 662 2452 recte.
700 2397 866 2451 Porticanus
885 2398 921 2452 de
938 2398 1062 2469 regionis
1080 2398 1181 2451 incolis
1201 2397 1368 2451 ‘Prathilxa’
1386 2424 1419 2443 =
1435 2398 1603 2453 ‘Parthika’

292 2468 461 2522 derivandos
488 2468 600 2522 videtur
627 2469 661 2522 cf.
682 2469 786 2524 Lassen
808 2468 834 2521 H
857 2487 884 2538 p.
906 2475 964 2524 187.
1012 2469 1168 2538 Ounningh.
1193 2488 1219 2538 p.
1243 2474 1295 2522 260
1315 2469 1460 2523 derivata
1481 2471 1605 2538 ‘porta',

292 2556 365 2608 quae
382 2557 436 2593 vox
449 2539 546 2594 Indica
564 2540 746 2595 altitudinem
765 2540 914 2610 significat,
933 2543 966 2594 ut
984 2540 1060 2594 idem
1079 2539 1605 2608 110111111111Ρ111111111111111

291 2611 413 2664 nominis
432 2611 645 2682 significatione.

381 2686 443 2752 316)
463 2699 581 2752 quarum
607 2683 721 2737 urbium
749 2699 782 2738 ea
810 2683 839 2736 in
863 2699 948 2750 quam
967 2681 1115 2752 Oxycanus
1139 2681 1215 2753 fugit
1241 2682 1372 2736 Mahorta
1395 2683 1483 2738 fuisse
1501 2687 1602 2752 potest.

290 2753 430 2808 Diodorus
458 2753 534 2808 enim
560 2753 612 2821 τήν
639 2774 669 2809 τε
692 2754 810 2825 Σάμβου
838 2751 979 2825 βασίλειον
1007 2753 1179 2824 ἐξεπόρθησε
1205 2755 1292 2808 refert
1310 2753 1399 2821 XVlI,
1417 2759 1480 2822 102,
1496 2761 1525 2822 6,
1554 2756 1604 2823 qui

291 2825 404 2879 omnino
432 2825 462 2879 in
490 2825 674 2881 describendo
701 2825 776 2880 bello
805 2827 902 2880 contra
925 2823 1089 2894 Oxycanum
1116 2828 1196 2895 gesto
1224 2842 1280 2878 non
1308 2825 1425 2894 paulum
1449 2825 1545 2880 differt
1567 2828 1604 2880 ab

291 2896 418 2951 Arriano.
456 2898 526 2951 duas
550 2897 625 2952 enim
649 2897 677 2961 ἐξ
701 2895 807 2966 ἐφόδου
830 2897 913 2952 urbes
937 2899 1036 2966 captas
1056 2899 1085 2950 et
1102 2897 1262 2951 combustas
1281 2913 1353 2962 esse,
1380 2899 1488 2951 ceteras
1507 2913 1604 2952 omnes

290 2967 318 3020 vi
337 2971 435 3037 captas
451 2971 480 3022 11
492 2968 681 3022 inflammatas
700 2971 803 3022 narrat.
838 2968 949 3022 Curtius
968 2967 1083 3036 IX,8,11
1096 2986 1136 3037 sq.
1169 2967 1349 3022 Portioanum
1365 2969 1483 3037 ‘regem'
1499 2969 1529 3022 in
1543 2987 1604 3023 mu-

179 3079 182 3087 .
290 3040 381 3092 nitam
398 3041 497 3094 urbem
512 3057 542 3094 se
556 3040 695 3111 recepisse
709 3040 805 3108 tradit,
825 3057 911 3108 quam
924 3040 1031 3094 tertio
1047 3040 1093 3094 die
1107 3040 1143 3093 ab
1153 3039 1313 3094 Alexandro
1328 3056 1389 3094 esse
1403 3042 1601 3110 expugnatam.

290 3110 471 3164 Portioanum
489 3111 519 3164 in
538 3128 631 3181 arcem
649 3112 708 3165 iam
727 3111 937 3182 confugientem
954 3111 1064 3181 legatos
1081 3112 1117 3166 de
1131 3111 1284 3166 deditionis
1299 3111 1465 3166 condicione
1478 3111 1601 3166 misisse:

291 3181 340 3250 qui
363 3184 516 3250 antequam
538 3200 634 3252 regern
658 3183 781 3250 adirent,
805 3199 856 3252 per
877 3182 951 3236 muri
973 3183 1069 3236 ruinas
1088 3182 1256 3237 Macedones
1279 3182 1309 3235 in
1328 3198 1421 3237 arcem
1440 3185 1602 3251 penetrasse

290 3255 320 3306 et
337 3253 517 3307 Portioanum
541 3271 605 3308 cum
628 3255 726 3324 paucis
748 3255 926 3309 resistentem
949 3254 1092 3308 occidisse.
1131 3255 1166 3308 de
1186 3253 1304 3322 reliquis
1322 3253 1465 3307 Porticani
1484 3254 1601 3308 urbibus

289 3325 318 3377 11
336 3326 505 3396 expugnatis
524 3327 608 3380 tacet.
641 3325 728 3379 etiam
747 3327 783 3380 de
802 3325 898 3379 Sambi
916 3325 1031 3396 regione
1049 3324 1156 3379 tradita
1174 3325 1219 3380 111
1238 3325 1355 3379 subacta
1370 3324 1452 3380 valde
1467 3324 1602 3380 differunt

290 3397 426 3450 Arrianus
440 3396 580 3450 Diodorus
595 3396 715 3467 Curtius,
754 3397 907 3452 secundum
921 3396 1048 3450 Curtium
1067 3396 1123 3466 (IX,
1139 3402 1163 3465 8,
1180 3399 1223 3466 11)
1243 3396 1362 3450 Sambus
1382 3413 1412 3450 se
1429 3396 1553 3450 tradidit
1567 3429 1599 3438 —

289 3470 322 3520 ut
343 3469 457 3523 videtur
479 3468 654 3522 validissima
677 3469 770 3538 gentis
793 3469 863 3523 urbe
886 3471 970 3537 capta
987 3470 1016 3591 q}
1033 3471 1084 3538 13).
1122 3469 1157 3523 (11
1181 3467 1339 3524 defectione
1358 3464 1456 3522 Sambi
1480 3484 1514 3521 ac
1532 3468 1602 3539 fuga

289 3538 331 3592 nil
350 3539 404 3592 scit
422 3539 542 3593 Curtius.
579 3539 682 3594 multas
703 3539 799 3593 Sambi
817 3541 900 3594 urbes
919 3540 949 3594 in
967 3539 986 3592 fi
1007 3555 1051 3592 em
1070 3541 1201 3608 acceptas
1220 3556 1293 3606 esse;
1312 3555 1398 3593 unam
1412 3571 1446 3580 -
1459 3539 1601 3594 validissi-

289 3626 365 3664 mam
383 3610 464 3665 illam
484 3643 516 3650 -
536 3611 665 3666 cuniculo
685 3613 806 3680 captam.
843 3613 905 3665 tum
923 3628 957 3665 ex
976 3610 1118 3666 Clitaroho
1137 3610 1231 3666 affert:
1256 3610 1402 3682 octoginta
1420 3610 1501 3664 milia
1518 3610 1602 3665 Indo-

288 3699 351 3735 rum
369 3682 399 3735 in
418 3699 452 3736 ea
469 3683 585 3753 regione
604 3699 694 3750 11111,
712 3682 872 3751 multosque
891 3683 1017 3751 captIvos
1036 3682 1087 3736 sub
1107 3697 1209 3736 corona
1226 3682 1343 3738 venisse.
1381 3698 1454 3750 quae
1470 3683 1518 3736 vix
1537 3699 1601 3736 cum

289 3753 520 3808 antecedentibus
540 3757 705 3823 congruunt.
738 3771 804 3809 nam
823 3755 847 3808 si
865 3770 922 3808 una
940 3756 1052 3807 tantum
1070 3753 1136 3807 urbs
1151 3755 1179 3807 vi
1193 3756 1278 3823 capta
1292 3756 1361 3820 erat,
1379 3754 1486 3808 multae
1500 3757 1602 3823 sponte

289 3827 477 3894 accesserant,
505 3841 562 3880 non
585 3843 670 3880 causa
693 3828 754 3881 erat
777 3825 923 3896 octoginta
945 3825 1025 3878 milia
1047 3825 1193 3880 hominum
1212 3826 1340 3880 occidere
1358 3827 1388 3880 ot
1405 3825 1476 3878 alios
1495 3825 1601 3879 multos

291 3897 343 3950 sub
367 3913 469 3950 corona
486 3899 614 3952 vendere.
653 3897 776 3952 diversos
800 3898 889 3967 igitur
912 3899 1039 3950 auctores
1059 3897 1191 3950 adhibuit
1209 3896 1328 3951 Curtius.
1366 3896 1501 3950 Arrianus
1521 3896 1602 3950 Sam-

289 3968 356 4021 bum
380 3969 464 4022 antea
487 3986 517 4023 11
539 3968 601 4039 regi
623 3969 776 4024 tradidisse
799 3985 832 4022 ac
855 3970 998 4037 satrapam
1017 3968 1137 4036 factum,
1160 3971 1222 4022 tum
1240 3971 1356 4038 propter
1374 3968 1551 4021 Musicanum
1570 3969 1601 4022 in

288 4039 372 4094 fidem
391 4042 539 4109 acceptum
557 4040 702 4108 defecisse,
721 4040 820 4095 urbem
839 4039 1028 4109 (metropolin)
1048 4043 1143 4094 autem
1161 4039 1376 4109 (validissimam
1395 4038 1513 4109 (1111111)
1537 4038 1602 4092 Sin-

288 4111 404 4164 dimana
430 4113 527 4180 portas
555 4111 756 4166 Macedonibus
785 4112 928 4181 aperuisse
955 4113 1059 4164 narrat.
1096 4111 1179 4165 unius
1206 4114 1319 4165 tantum
1345 4110 1423 4165 urbis
1451 4110 1559 4164 incolas
1583 4127 1602 4164 a

288 4182 454 4236 Brahmanis
473 4183 605 4237 incitatos
625 4183 762 4238 defecisse
779 4183 873 4250 refert,
893 4183 942 4238 sed
961 4183 1014 4236 hoc
1033 4185 1099 4237 ants
1113 4181 1252 4237 Musicani
1271 4182 1466 4250 defectIonem,
1487 4180 1601 4236 Curtius

288 4255 353 4322 post
380 4270 450 4308 eam.
488 4254 627 4308 Diodorus
651 4254 785 4308 Sambum
808 4271 903 4325 regem
926 4254 1016 4308 1111111
1040 4271 1069 4308 11
1092 4255 1256 4321 tradidisse,
1285 4255 1334 4308 sed
1357 4253 1476 4323 fugisse,
1501 4256 1601 4322 aperte

287 4326 403 4394 propter
439 4327 545 4379 metum
577 4325 730 4380 Alexandri
767 4327 826 4396 (καὶ
862 4326 951 4380 uotis
984 4324 1076 4396 φόβον
1106 4334 1166 4389 τοῖς
1196 4327 1398 4397 πλησιοχώροις
1430 4323 1599 4394 ἐπέστησεν),

287 4399 365 4450 trans
383 4396 491 4450 Indum.
528 4397 665 4466 plurimas
683 4399 766 4452 urbes
786 4399 884 4466 captas
903 4399 932 4452 et
949 4395 1151 4465 inflammatas,
1171 4397 1245 4453 11111
1263 4397 1460 4463 venumdatos,
1479 4411 1599 4466 magnas

287 4469 387 4522 caedes
415 4468 506 4522 factas
534 4468 614 4539 (ὑπὲρ
643 4468 693 4533 τὰς
720 4468 792 4523 ὀκτὼ
819 4467 977 4538 μωριάὸας).
1016 4469 1047 4522 in
1074 4470 1235 4523 narratione
1263 4485 1319 4524 non
1346 4467 1476 4522 dubitavi
1502 4467 1599 4522 Arria·
1712 4470 1717 4481 “

287 4557 354 4592 num
373 4557 638 4680 Β1111111111,1111111111
657 4612 700 4666 ita
715 4612 803 4666 Curtii
822 4611 933 4666 codices
955 4628 1050 4666 omnes
1066 4611 1200 4666 Sambum
1214 4612 1362 4682 appellant
1374 4627 1479 4680 regem,
1498 4608 1599 4680 Σάβον

288 4681 388 4736 Strabo
407 4682 458 4737 XV
476 4701 502 4752 p.
520 4687 578 4737 701.
616 4682 716 4738 Iustini
743 4683 1029 4750 11111111ΧΠ,10,2
1054 4685 1103 4737 aut
1127 4683 1288 4754 ‘Ambigeri
1311 4683 1401 4754 regis'
1427 4683 1477 4735 aut
1497 4680 1600 4734 ‘Ambi

286 4755 377 4832 regis'
402 4754 521 4824 babent,
549 4756 599 4810 ubi
623 4756 801 4811 scribendum
825 4757 886 4810 sine
909 4755 997 4809 dubio
1022 4754 1134 4809 ‘Sambi
1157 4757 1248 4826 regis'
1273 4755 1439 4826 (1111111111
1457 4751 1528 4824 Hp.
1546 4757 1599 4810 184
1710 4771 1711 4782 ¹
