3506 5306
869 303 1113 368 -116-

340 484 408 566 ipse
441 505 534 546 amne
566 482 704 546 secundo
733 486 843 546 vectus
876 487 924 546 est
954 483 988 546 in
1015 479 1232 568 Musicani³⁶⁶)
1261 503 1409 567 regnum,
1442 482 1528 565 quod
1557 480 1650 545 Indo-

340 603 411 644 rum
450 581 729 664 0pulentissimum
767 602 836 645 esse
873 580 1044 644 dicebatur.
1095 601 1199 664 neque
1236 580 1321 643 euim
1358 578 1543 643 Musicanus
1578 578 1649 643 Alc-

339 677 460 741 xandro
493 678 622 742 obviam
654 683 786 742 venerat
822 700 856 742 se
889 699 1089 763 regnumque
1120 678 1249 742 tradens
1283 677 1511 741 Macedonibus
1547 699 1650 760 neque
1719 711 1720 716 κ

340 777 462 861 legatos
487 776 525 839 de
548 776 690 841 amicitia
713 777 971 860 miseratusque
995 777 1079 841 dona
1102 798 1183 860 quae
1206 797 1314 861 regem
1340 776 1443 858 qualis
1467 774 1650 840 Alexander

340 878 423 937 esset
445 874 592 938 decerent
615 896 719 957 neque
743 875 879 958 denique
903 876 1074 958 quidquem
1099 875 1140 938 ab
1159 873 1342 939 Alexandro
1367 874 1510 957 petierat.
1552 894 1648 956 quare

340 972 408 1035 iure
431 972 493 1035 sibi
516 973 603 1036 visus
627 977 675 1035 est
698 970 880 1036 Alexander
907 977 1049 1037 metuere
1076 995 1117 1036 ne
1140 971 1225 1036 bello
1249 970 1440 1036 Macedones
1463 970 1648 1035 Musicanus

341 1074 471 1134 conaret
503 1071 657 1153 excipere.
703 1073 857 1154 tantaque
885 1071 1047 1136 celeritate
1079 1092 1137 1154 per
1168 1070 1303 1134 fluvium
1337 1069 1470 1132 defluxit
1497 1072 1535 1132 ut
1563 1069 1650 1152 prius

272 1183 275 1187 '
341 1167 500 1232 Musicani
518 1168 610 1252 regni
628 1168 708 1231 fines
728 1168 948 1253 ingrederetur
967 1190 1064 1252 quam
1078 1168 1263 1232 Musicanus
1278 1166 1419 1231 audisset
1432 1165 1650 1230 Alexandrum

343 1269 455 1329 contra
473 1266 580 1348 ipsum
600 1286 735 1329 movere.
765 1266 862 1330 situm
882 1271 950 1330 erat
966 1265 1124 1331 Musicani
1138 1287 1273 1351 regnum
1289 1265 1372 1329 circa
1385 1262 1501 1328 Indum
1516 1265 1650 1327 fluvium

341 1364 427 1427 intra
449 1362 584 1426 Bhukor
607 1366 638 1427 et
661 1361 864 1428 Heiderabad
886 1364 982 1428 hodie
1005 1368 1135 1428 vocatas
1158 1363 1262 1428 urbes.
1309 1363 1373 1426 illis
1398 1367 1504 1426 autem
1528 1366 1650 1444 tempo-

343 1461 431 1524 ribus
454 1458 552 1524 Indus
575 1482 642 1524 non
664 1463 701 1524 ut
718 1458 863 1548 nunc³⁶⁷)
883 1462 923 1526 ad
942 1462 1139 1526 occidentem
1158 1483 1268 1526 versus
1288 1460 1327 1524 ab
1347 1459 1482 1524 Bhukor
1501 1463 1650 1524 curvatus

340 1560 375 1623 in
403 1559 547 1623 dextram
580 1559 621 1623 ad
648 1557 851 1624 Haiderabad
882 1560 994 1624 urbem
1022 1559 1149 1624 videtur
1176 1559 1366 1642 decurrisse,
1398 1558 1453 1622 sed
1484 1563 1576 1622 recta
1603 1557 1650 1620 via

341 1657 471 1721 fluxisse
494 1661 620 1740 praeter
643 1657 738 1721 urbes
761 1657 865 1721 Kator
892 1662 924 1722 et
946 1656 1060 1723 Iskrao
1088 1657 1184 1722 hodie
1207 1653 1401 1743 vocatasffl)
1447 1660 1546 1740 atque
1571 1656 1650 1720 circa

342 1755 405 1820 hoc
427 1754 595 1820 brachium
623 1756 687 1819 iam
710 1753 782 1819 Indi
806 1757 896 1820 cuius
919 1777 1006 1820 nunc
1033 1779 1106 1840 pars
1135 1756 1281 1839 superior
1303 1752 1391 1819 Nira
1421 1755 1553 1838 dicitur,
1580 1774 1649 1838 pars

341 1854 474 1917 inferior
495 1849 693 1941 Purana³⁶⁹),
716 1852 875 1918 Musicani
902 1855 1064 1919 habitasse
1087 1854 1243 1918 videntur.
1290 1853 1428 1918 adventu
1456 1853 1559 1938 igitur
1581 1850 1650 1914 Ale

342 1951 454 2016 xandri
477 1951 664 2034 perterritus
688 1950 872 2016 Musicanus
901 1973 974 2017 cum
998 1952 1090 2016 donis
1115 1975 1197 2036 quae
1221 1951 1307 2036 apud
1330 1949 1427 2016 Indos
1451 1951 1649 2034 amplissima

342 2050 565 2114 existimantur
592 2052 624 2113 et
652 2049 831 2133 elephantis
855 2050 1005 2114 omnibus
1033 2072 1114 2134 quos
1142 2049 1256 2114 habuit
1285 2049 1429 2114 celeriter
1453 2049 1584 2113 obviam
1607 2048 1650 2127 iit,

341 2148 505 2211 nationem
542 2168 639 2230 seque
676 2148 783 2232 ipsum
816 2149 944 2212 tradens
977 2152 1154 2233 petensque
1186 2148 1313 2212 veniam
1347 2147 1433 2230 quod
1464 2168 1532 2210 non
1564 2146 1649 2231 prius

342 2246 534 2310 accessisset.
563 2267 679 2329 quam
707 2267 780 2310 cum
809 2246 903 2310 facile
931 2247 970 2311 ab
994 2245 1177 2311 Alexandro
1206 2247 1422 2329 impetrasset,
1449 2245 1484 2308 in
1510 2243 1649 2330 regionis

343 2341 497 2429 caput⁸⁷⁰)
521 2343 555 2407 in
579 2343 691 2408 dextra
712 2344 783 2427 ripa
801 2342 873 2408 Indi
894 2345 992 2409 situm
1011 2343 1218 2410 Macedonem
1238 2343 1337 2407 duxit.
1371 2345 1467 2426 atque
1486 2344 1648 2430 regionem

342 2583 480 2636 adnotans
499 2581 602 2650 aliquis
621 2581 651 2634 in
669 2581 797 2650 margine
815 2581 929 2650 scripsit
947 2581 1092 2651 σατράπας
1110 2578 1257 2646 ἀπέδειξεν
1269 2578 1423 2651 Ὀξυάρτην
1441 2576 1648 2642 sollieitabat,

343 2669 410 2708 suas
429 2668 569 2722 quemque
587 2653 730 2722 satrapiae
748 2652 847 2720 solum,
866 2653 933 2708 inde
951 2653 981 2706 in
1000 2655 1162 2708 contextum
1180 2670 1244 2708 rece
1264 2655 1325 2706 tum
1344 2655 1387 2707 est
1406 2653 1535 2707 alterum.

432 2727 494 2791 666)
513 2725 555 2778 ita
578 2724 661 2778 credo
680 2724 793 2778 Arriani
816 2724 1008 2794 intellegenda
1031 2741 1092 2780 esse
1109 2725 1195 2778 verba
1252 2767 1259 2792 ,
1276 2729 1348 2790 15,5
1371 2724 1420 2778 καὶ
1438 2722 1584 2792 Κράτερον
1602 2719 1648 2789 μὲν

343 2796 506 2865 ἐκπέμπει
534 2792 640 2858 αὖθις
667 2795 708 2865 (ἐκ
730 2804 780 2850 τοῦ
804 2796 993 2864 στρατοπέδου
1016 2795 1136 2864 scilicet)
1159 2796 1210 2860 ξὺν
1233 2805 1266 2867 τῇ
1290 2799 1418 2864 στρατιᾶ,
1445 2794 1495 2848 ubi
1518 2810 1593 2863 quae
1610 2807 1648 2844 sc-

343 2870 468 2937 quuntur
491 2866 540 2921 διὰ
563 2874 612 2936 τῆς
624 2866 782 2938 Ἀραχώτων
800 2868 849 2921 καὶ
868 2874 1006 2937 Δραγγῶν
1024 2873 1075 2936 γῆς
1093 2866 1129 2921 ab
1148 2867 1351 2936 interpolatore
1369 2849 1468 2920 addita
1487 2883 1550 2920 esse
1569 2877 1648 2932 supra
1722 2867 1723 2924 ξ

342 2939 446 2993 monui.
483 2938 610 3006 Droysen
628 2937 654 2991 H
671 2956 698 3007 p.
716 2943 767 2992 193
786 2939 851 2992 adn.
868 2946 882 2991 1
904 2956 967 2992 cum
986 2938 1092 2992 scribat
1112 2938 1254 2995 ‘Macistus
1273 2949 1329 2994 mor
1348 2938 1443 2995 bestiis
1462 2969 1496 2976 —
1516 2981 1522 2991 .
1545 2981 1550 2991 .
1572 2981 1577 2990 .
1596 2933 1646 3004 buli
1722 2981 1723 3006 ,

342 3025 374 3081 311
396 3009 513 3080 mctbeo'
538 3010 608 3062 mihi
626 3010 738 3064 videtur
761 3027 874 3064 errasse.
913 3027 978 3063 nam
1002 3010 1083 3064 adest
1101 3009 1231 3064 Craterus
1254 3010 1284 3062 in
1302 3009 1442 3063 Musicani
1463 3027 1552 3078 regno
1575 3007 1647 3060 ante
1722 3007 1723 3030 ³

343 3098 428 3150 quam
451 3081 605 3151 quidquam
625 3081 786 3135 Musicanus
809 3082 923 3135 novavit
941 3081 975 3135 cf.
991 3081 1037 3147 VI,
1053 3089 1095 3148 15,
1111 3087 1134 3134 7.
1167 3082 1225 3135 iam
1243 3083 1322 3134 trans
1340 3080 1441 3134 Indum
1459 3081 1490 3134 in
1509 3081 1646 3135 dexteram
1722 3123 1723 3126 ,

342 3154 435 3222 ripam
452 3153 569 3206 missum
588 3169 649 3207 esse
663 3151 807 3208 Craterum
825 3169 916 3222 neque
934 3153 1078 3206 indicatur
1094 3169 1215 3220 usquam
1233 3154 1317 3207 antea
1330 3169 1422 3222 neque
1435 3151 1588 3206 verisimile
1600 3148 1646 3211 est,

344 3241 408 3278 cum
422 3223 507 3294 paulo
522 3226 588 3278 ante
603 3241 620 3277 a
634 3224 733 3278 dextra
743 3225 779 3278 ad
789 3224 933 3278 sinistram
941 3225 1033 3293 ripam
1043 3225 1193 3280 arcessitus
1204 3226 1269 3278 erat
1301 3223 1335 3278 cf.
1347 3223 1433 3278 etiam
1443 3223 1646 3299 Schmiederup]

343 3297 373 3349 in
397 3295 581 3350 adnotatione
599 3295 732 3349 editionis
751 3295 895 3366 Kruegcri.
933 3297 969 3350 de
987 3295 1196 3365 Hephaestione
1214 3296 1328 3349 omnino
1346 3297 1435 3363 tacet,
1459 3297 1546 3364 atquc
1564 3289 1645 3360 copils

344 3366 451 3421 Crateri
469 3383 565 3436 regem
583 3367 677 3435 ipsum
694 3367 876 3437 navigantem
894 3384 957 3420 cum
976 3367 1114 3421 exercitus
1133 3369 1214 3436 parte
1233 3367 1366 3436 opposuit
1383 3369 1495 3420 tantum
1509 3365 1645 3419 Arrianm.

344 3438 518 3507 Hephaestio
533 3438 622 3508 igitur
635 3440 697 3491 tum
710 3440 760 3492 aut
774 3455 838 3492 cum
851 3439 1010 3493 Alexandro
1025 3439 1087 3508 ipso
1101 3438 1239 3508 processit
1252 3440 1302 3492 aut
1312 3437 1425 3493 Cratero
1439 3439 1569 3492 subditus
1583 3433 1645 3488 erot-

433 3512 495 3580 em)
514 3509 622 3562 aaran.
638 3508 684 3576 vi,
701 3515 742 3574 rs,
758 3515 782 3574 a,
801 3509 883 3563 Diod.
898 3510 983 3577 XVII,
999 3516 1058 3576 roa,
1073 3515 1099 3578 s,
1118 3509 1218 3564 suaso
1232 3509 1283 3562 xv
1297 3528 1324 3578 p.
1340 3514 1401 3576 aas,
1416 3514 1476 3576 sor,
1492 3515 1645 3584 moroges

344 3581 521 3634 Musicanum
539 3582 687 3634 nominant
705 3583 734 3635 et
751 3581 895 3650 regionem
913 3581 965 3650 τὴν
983 3585 1177 3636 Μουσικανοῦ.
1215 3579 1327 3634 Curtius
1345 3580 1391 3647 IX,
1406 3586 1432 3648 8,
1447 3585 1481 3634 10
1491 3599 1532 3649 sq.
1566 3577 1645 3631 uus-

345 3668 477 3706 canorum
501 3652 637 3721 populum
660 3655 866 3707 commemorat.
904 3653 980 3707 idem
1003 3653 1089 3723 igiter
1110 3669 1212 3706 nomen
1236 3655 1265 3707 et
1286 3652 1347 3722 regi
1371 3655 1399 3706 et
1417 3652 1528 3706 nationi
1546 3651 1587 3705 est
1603 3643 1643 3715 (of¹

345 3723 449 3778 Lassen
462 3723 488 3775 Π
501 3741 528 3792 p.
537 3727 606 3792 186),
626 3724 701 3792 quod
716 3741 801 3793 supra
814 3723 896 3778 nobis
911 3725 1033 3778 occurrit
1045 3724 1076 3777 in
1090 3723 1204 3789 Taxilis,
1223 3723 1385 3792 Assalrenis,
1404 3723 1560 3790 Abhisaris,
1578 3717 1643 3773 aliis·

345 3811 447 3848 nomen
460 3794 588 3848 Indicum
607 3795 705 3864 populi
720 3794 853 3849 Mdshika
869 3797 913 3850 est
926 3795 972 3865 (of.
987 3796 1092 3850 Lassen
1105 3797 1123 3848 l.
1138 3795 1157 3849 l.
1173 3796 1236 3849 adn.
1252 3797 1279 3863 6)
1293 3795 1383 3848 latine
1396 3795 1553 3849 redditumz
1571 3804 1642 3845 mus·

435 3869 496 3935 368)
515 3867 573 3920 iam
591 3866 745 3921 Alexandri
763 3866 800 3919 M.
814 3867 989 3936 temporibus
1011 3866 1111 3920 Indum
1134 3867 1250 3920 fluvium
1272 3866 1414 3920 nonnullis
1437 3866 1506 3920 locis
1529 3865 1643 3919 mutasse

346 3937 456 3992 alveum
475 3937 652 3992 Aristobulus
675 3939 764 3991 tradit
787 3937 880 3992 nobis:
909 3939 1002 4007 ipsum
1025 3940 1062 3991 ad
1079 3956 1139 3993 rem
1158 3939 1300 4006 quandam
1318 3938 1471 4008 gerendam
1488 3938 1602 3991 missum
1618 3945 1643 3982 ⁸0

346 4009 523 4078 conspexisse
541 4011 637 4063 narrat
650 4009 793 4079 regionem
808 4010 946 4064 desertam
961 4009 1039 4063 mille
1053 4009 1098 4064 vel
1111 4009 1234 4078 amplius
1248 4009 1335 4064 etiam
1348 4009 1460 4063 urbium
1474 4009 1643 4071 vicorumque

346 4098 409 4134 cum
436 4079 521 4133 Indus
548 4081 662 4150 proprio
688 4081 767 4136 alveo
789 4081 889 4136 relicto
913 4082 949 4135 ad
972 4080 1149 4134 sinistram
1172 4098 1321 4135 conversus
1340 4081 1422 4150 quasi
1440 4081 1470 4134 in
1488 4080 1571 4150 longe
1587 4087 1642 4144 1³1⁰·

346 4152 505 4234 lundiorem
524 4151 611 4205 alium
629 4152 803 4222 perrupisset
819 4155 853 4206 ut
869 4153 948 4222 regio
967 4151 1067 4235 relicta
1087 4154 1124 4206 ad
1139 4153 1266 4235 dextram
1279 4168 1336 4234 nou
1350 4153 1407 4206 iam
1421 4145 1641 4234 inundationibqfl

346 4218 929 4364 ibritisidbdtupdaulooeinibrimdioicvsiiaiiiiii:
948 4223 1327 4350 ibiadniirilafluiiiirdivddliid)
1333 4225 1561 4350 ipteeppnppqupt
1572 4216 1641 4342 iiiiii

346 4365 444 4422 fluvios
461 4366 609 4435 reperitur,
629 4367 677 4436 qui
696 4365 781 4435 paulo
800 4369 865 4436 post
883 4367 994 4420 desinit.
1026 4367 1163 4421 Dextrum
1180 4367 1296 4420 fluvium
1316 4399 1347 4406 -
1367 4366 1467 4420 Indum
1485 4361 1640 4420 nostratum

347 4469 380 4477 —
400 4437 511 4491 saeculo
537 4439 657 4506 septimo
676 4456 702 4507 p.
718 4437 781 4492 Chr.
795 4457 821 4491 n.
838 4441 956 4493 exeunte
975 4439 1087 4493 demum
1105 4440 1214 4492 montes
1233 4439 1307 4492 inter
1325 4438 1393 4492 Rori
1412 4441 1441 4491 et
1459 4436 1568 4491 Bhulror
1583 4441 1639 4497 per·

346 4507 666 4634 lrppiissedilutrrlqingham
683 4509 764 4564 testis
783 4512 833 4575 est,
853 4529 877 4563 v.
888 4529 914 4579 p.
927 4515 986 4564 251.
1020 4511 1104 4564 antea
1121 4509 1222 4563 Indum
1240 4510 1270 4563 in
1289 4510 1368 4565 alveo
1387 4509 1500 4564 fluxisse
1514 4506 1558 4578 qui
1570 4499 1639 4555 Nm

366 4597 382 4633 c
403 4596 430 4633 re
468 4597 506 4634 101
554 4622 560 4634 .

436 4655 498 4721 369)
517 4671 541 4707 v.
558 4651 714 4723 Cunningh.
734 4671 761 4723 p.
777 4658 827 4707 251
840 4671 880 4721 sq.

436 4727 498 4794 370)
517 4742 541 4778 v.
562 4724 689 4778 chartam
708 4723 865 4794 Cunningh.
879 4724 925 4778 IX.
